

<marc:record><marc:leader>     naaaa       uu     </marc:leader><marc:controlfield tag="001">https://library.oapen.org/handle/20.500.12657/49438</marc:controlfield><marc:controlfield tag="005">20210610</marc:controlfield><marc:controlfield tag="003">oapen</marc:controlfield><marc:controlfield tag="006">m     o  d        </marc:controlfield><marc:controlfield tag="007">cr|mn|---annan</marc:controlfield><marc:controlfield tag="008">20210610s2021    xx |||||o     ||| 0|nor d</marc:controlfield><marc:datafield tag="020" ind1=" " ind2=" "><marc:subfield code="a">noasp.131</marc:subfield></marc:datafield><marc:datafield tag="020" ind1=" " ind2=" "><marc:subfield code="a">9788202719753</marc:subfield></marc:datafield><marc:datafield tag="020" ind1=" " ind2=" "><marc:subfield code="a">9788202720513</marc:subfield></marc:datafield><marc:datafield tag="020" ind1=" " ind2=" "><marc:subfield code="a">9788202720520</marc:subfield></marc:datafield><marc:datafield tag="020" ind1=" " ind2=" "><marc:subfield code="a">9788202720544</marc:subfield></marc:datafield><marc:datafield tag="040" ind1=" " ind2=" "><marc:subfield code="a">oapen</marc:subfield><marc:subfield code="c">oapen</marc:subfield></marc:datafield><marc:datafield tag="024" ind1="7" ind2=" "><marc:subfield code="a">10.23865/noasp.131</marc:subfield><marc:subfield code="c">doi</marc:subfield></marc:datafield><marc:datafield tag="041" ind1="0" ind2=" "><marc:subfield code="a">nor</marc:subfield></marc:datafield><marc:datafield tag="042" ind1=" " ind2=" "><marc:subfield code="a">dc</marc:subfield></marc:datafield><marc:datafield tag="072" ind1=" " ind2="7"><marc:subfield code="a">HRCC2</marc:subfield><marc:subfield code="2">bicssc</marc:subfield></marc:datafield><marc:datafield tag="072" ind1=" " ind2="7"><marc:subfield code="a">HRCZ</marc:subfield><marc:subfield code="2">bicssc</marc:subfield></marc:datafield><marc:datafield tag="072" ind1=" " ind2="7"><marc:subfield code="a">1DNN</marc:subfield><marc:subfield code="2">bicssc</marc:subfield></marc:datafield><marc:datafield tag="100" ind1="1" ind2=" "><marc:subfield code="a">Iversen, Jonas Yassin</marc:subfield><marc:subfield code="4">auth</marc:subfield></marc:datafield><marc:datafield tag="245" ind1="1" ind2="0"><marc:subfield code="a">De gamle stier</marc:subfield><marc:subfield code="b">Historien om Menigheten Samfundet, Det Almindelige Samfund og andre sterkttroende</marc:subfield></marc:datafield><marc:datafield tag="260" ind1=" " ind2=" "><marc:subfield code="a">Oslo</marc:subfield><marc:subfield code="b">Cappelen Damm Akademisk/NOASP (Nordic Open Access Scholarly Publishing)</marc:subfield><marc:subfield code="c">2021</marc:subfield></marc:datafield><marc:datafield tag="300" ind1=" " ind2=" "><marc:subfield code="a">1 electronic resource (260 p.)</marc:subfield></marc:datafield><marc:datafield tag="336" ind1=" " ind2=" "><marc:subfield code="a">text</marc:subfield><marc:subfield code="b">txt</marc:subfield><marc:subfield code="2">rdacontent</marc:subfield></marc:datafield><marc:datafield tag="337" ind1=" " ind2=" "><marc:subfield code="a">computer</marc:subfield><marc:subfield code="b">c</marc:subfield><marc:subfield code="2">rdamedia</marc:subfield></marc:datafield><marc:datafield tag="338" ind1=" " ind2=" "><marc:subfield code="a">online resource</marc:subfield><marc:subfield code="b">cr</marc:subfield><marc:subfield code="2">rdacarrier</marc:subfield></marc:datafield><marc:datafield tag="490" ind1="1" ind2=" "><marc:subfield code="a">Kyrkjefag Profil</marc:subfield><marc:subfield code="v">41</marc:subfield></marc:datafield><marc:datafield tag="506" ind1="0" ind2=" "><marc:subfield code="a">Open Access</marc:subfield><marc:subfield code="2">star</marc:subfield><marc:subfield code="f">Unrestricted online access</marc:subfield></marc:datafield><marc:datafield tag="520" ind1=" " ind2=" "><marc:subfield code="a">"This book takes the reader on a historical and theological journey through intense awakenings, decisive church foundations and dramatic schisms in southwestern Norway from the 1820s to the present. Based on extensive source material, the book provides new perspectives on the history of the so-called ‘firm believers’ and a nuanced presentation of their theological development from a vigorous revival during the first half of the 19th century to today’s closed religious communities. The Old Paths: The History of ‘Menigheten Samfundet’, ‘Det Almindelige Samfund’ and other ‘firm believers’ describes a diverse religious tradition marked by deep devotion and intellectual rigour, while also giving the reader a glimpse of prominent church leaders, charismatic preachers and devoted believers.&#13;
&#13;
Many in Rogaland and Agder today are familiar with ‘lomelendingane’ – adherents of the Menigheten Samfundet sect, named after its founder, Bernt Lomeland – in Kristiansand and Egersund, and such similarly named groups of followers as the ‘perane’ and ‘larsane’, also in Egersund. All of these groups have traditionally been referred to as ‘the firm’ or ‘the firm believers’. Most works on Norwegian church history include brief descriptions of ‘the firm believers’, but no scholarly work entirely devoted to their origins and history has previously been published. As such, this book represents the most comprehensive and updated work on ‘the firm believers’ published to date and it therefore constitutes an important contribution to Norwegian church history.&#13;
&#13;
This book will be of value to scholars, students and others with an interest in Norwegian church history, sociology of religion, and closed religious communities.&#13;
&#13;
Kyrkjefag Profil is a series established by the Department of Religious Studies at Volda University College. This book is number 41 in the series."</marc:subfield></marc:datafield><marc:datafield tag="520" ind1=" " ind2=" "><marc:subfield code="a">"Denne boken tar leseren med på en historisk og teologisk reise gjennom intense vekkelser, avgjørende kirkestiftelser og dramatiske kirkesplittelser fra 1820-tallet og frem til i dag. På bakgrunn av et omfattende kildemateriale gir boken nye perspektiver på de sterkttroendes historie og en nyansert presentasjon av deres teologiske utvikling fra en kraftfull vekkelsesbevegelse på første halvdel av 1800-tallet til dagens innadvendte kirkesamfunn. De gamle stier: Historien om Menigheten Samfundet, Det Almindelige Samfund og andre sterkttroende beskriver en mangfoldig religiøs tradisjon preget av dypt alvor og intellektuell tyngde, samtidig som leseren kommer tett på markante kirkeledere, iherdige predikanter og hengivende troende.&#13;
&#13;
I dag kjenner mange i Rogaland og på Agder godt til «lomelendingane» i Kristiansand og Egersund, samt «perane» og «larsane» i Egersund. Disse grupperingene tilhører alle den retningen man tradisjonelt har omtalt som «de sterke» eller «de sterkttroende». Selv om de fleste verk om norsk kirkehistorie kort omtaler de sterkttroende, har det frem til nå ikke vært utgitt et samlet vitenskapelig verk som behandler deres historie fra deres opprinnelse og frem til i dag. Boken representerer dermed det mest omfattende og oppdaterte verket om de sterkttroendes historie som så langt har blitt publisert, og utgjør dermed et viktig bidrag til norsk kirkehistorie.&#13;
&#13;
Boken retter seg mot forskere, studenter og andre med interesse for norsk kirkehistorie, religionssosiologi og lukkede kirkesamfunn.&#13;
&#13;
Kyrkjefag Profil er en serie fra Institutt for religion, livssyn og kyrkjefag ved Høgskulen i Volda. Denne boken er nummer 41 i serien."</marc:subfield></marc:datafield><marc:datafield tag="540" ind1=" " ind2=" "><marc:subfield code="a">Creative Commons</marc:subfield><marc:subfield code="f">https://creativecommons.org/licenses/by-nc-nd/4.0/</marc:subfield><marc:subfield code="2">cc</marc:subfield><marc:subfield code="4">https://creativecommons.org/licenses/by-nc-nd/4.0/</marc:subfield></marc:datafield><marc:datafield tag="546" ind1=" " ind2=" "><marc:subfield code="a">Norwegian</marc:subfield></marc:datafield><marc:datafield tag="650" ind1=" " ind2="7"><marc:subfield code="a">Church history</marc:subfield><marc:subfield code="2">bicssc</marc:subfield></marc:datafield><marc:datafield tag="650" ind1=" " ind2="7"><marc:subfield code="a">Christian &amp; quasi-Christian cults &amp; sects</marc:subfield><marc:subfield code="2">bicssc</marc:subfield></marc:datafield><marc:datafield tag="650" ind1=" " ind2="7"><marc:subfield code="a">Norway</marc:subfield><marc:subfield code="2">bicssc</marc:subfield></marc:datafield><marc:datafield tag="653" ind1=" " ind2=" "><marc:subfield code="a">The firm believers, Menigheten Samfundet, Det Almindelige Samfund, Det Almindelige Lutherske Samfund, Det Gammel-Lutherske Samfund, closed religious communities, Norwegian church history, De sterkttroende, Menigheten Samfundet, Det Almindelige Samfund, Det Almindelige Lutherske Samfund, Det Gammel-Lutherske Samfund, lukkede trossamfunn, norsk kirkehistorie</marc:subfield></marc:datafield><marc:datafield tag="856" ind1="4" ind2="0"><marc:subfield code="a">www.oapen.org</marc:subfield><marc:subfield code="u">https://library.oapen.org/bitstream/id/4ad7d66f-4ee6-481e-9eb2-6ed2b55f3d54/Gamle_stier_PDF.pdf</marc:subfield><marc:subfield code="7">0</marc:subfield><marc:subfield code="z">OAPEN Library: download the publication</marc:subfield></marc:datafield><marc:datafield tag="856" ind1="4" ind2="0"><marc:subfield code="a">www.oapen.org</marc:subfield><marc:subfield code="u">https://library.oapen.org/handle/20.500.12657/49438</marc:subfield><marc:subfield code="7">0</marc:subfield><marc:subfield code="z">OAPEN Library: description of the publication</marc:subfield></marc:datafield></marc:record>