

<marc:record><marc:leader>     naaaa       uu     </marc:leader><marc:controlfield tag="001">https://library.oapen.org/handle/20.500.12657/61862</marc:controlfield><marc:controlfield tag="005">20230317</marc:controlfield><marc:controlfield tag="003">oapen</marc:controlfield><marc:controlfield tag="006">m     o  d        </marc:controlfield><marc:controlfield tag="007">cr|mn|---annan</marc:controlfield><marc:controlfield tag="008">20230317s2023    xx |||||o     ||| 0|eng d</marc:controlfield><marc:datafield tag="020" ind1=" " ind2=" "><marc:subfield code="a">978-3-031-24854-2</marc:subfield></marc:datafield><marc:datafield tag="020" ind1=" " ind2=" "><marc:subfield code="a">9783031248542</marc:subfield></marc:datafield><marc:datafield tag="040" ind1=" " ind2=" "><marc:subfield code="a">oapen</marc:subfield><marc:subfield code="c">oapen</marc:subfield></marc:datafield><marc:datafield tag="024" ind1="7" ind2=" "><marc:subfield code="a">10.1007/978-3-031-24854-2</marc:subfield><marc:subfield code="c">doi</marc:subfield></marc:datafield><marc:datafield tag="041" ind1="0" ind2=" "><marc:subfield code="a">eng</marc:subfield></marc:datafield><marc:datafield tag="042" ind1=" " ind2=" "><marc:subfield code="a">dc</marc:subfield></marc:datafield><marc:datafield tag="072" ind1=" " ind2="7"><marc:subfield code="a">JPWL</marc:subfield><marc:subfield code="2">bicssc</marc:subfield></marc:datafield><marc:datafield tag="072" ind1=" " ind2="7"><marc:subfield code="a">JP</marc:subfield><marc:subfield code="2">bicssc</marc:subfield></marc:datafield><marc:datafield tag="072" ind1=" " ind2="7"><marc:subfield code="a">HR</marc:subfield><marc:subfield code="2">bicssc</marc:subfield></marc:datafield><marc:datafield tag="100" ind1="1" ind2=" "><marc:subfield code="a">Tausch, Arno</marc:subfield><marc:subfield code="4">auth</marc:subfield></marc:datafield><marc:datafield tag="245" ind1="1" ind2="0"><marc:subfield code="a">Political Islam and Religiously Motivated Political Extremism</marc:subfield><marc:subfield code="b">An International Comparison</marc:subfield></marc:datafield><marc:datafield tag="260" ind1=" " ind2=" "><marc:subfield code="a">Cham</marc:subfield><marc:subfield code="b">Springer Nature</marc:subfield><marc:subfield code="c">2023</marc:subfield></marc:datafield><marc:datafield tag="300" ind1=" " ind2=" "><marc:subfield code="a">1 electronic resource (88 p.)</marc:subfield></marc:datafield><marc:datafield tag="336" ind1=" " ind2=" "><marc:subfield code="a">text</marc:subfield><marc:subfield code="b">txt</marc:subfield><marc:subfield code="2">rdacontent</marc:subfield></marc:datafield><marc:datafield tag="337" ind1=" " ind2=" "><marc:subfield code="a">computer</marc:subfield><marc:subfield code="b">c</marc:subfield><marc:subfield code="2">rdamedia</marc:subfield></marc:datafield><marc:datafield tag="338" ind1=" " ind2=" "><marc:subfield code="a">online resource</marc:subfield><marc:subfield code="b">cr</marc:subfield><marc:subfield code="2">rdacarrier</marc:subfield></marc:datafield><marc:datafield tag="490" ind1="1" ind2=" "><marc:subfield code="a">SpringerBriefs in Political Science</marc:subfield></marc:datafield><marc:datafield tag="506" ind1="0" ind2=" "><marc:subfield code="a">Open Access</marc:subfield><marc:subfield code="2">star</marc:subfield><marc:subfield code="f">Unrestricted online access</marc:subfield></marc:datafield><marc:datafield tag="520" ind1=" " ind2=" "><marc:subfield code="a">This open access book presents an international comparison of religiously motivated extremism in the Arab world and around the globe. Based on data from the Arab Barometer and the World Values Survey, it applies advanced statistical techniques to analyze how religiously motivated political extremism affects political and social outcomes as well as political violence. The study clearly shows that identification with a political Islam that also influences elections, promotes religious and gender discrimination, and advocates an Islamist interpretation of Islam, are the main interrelated syndromes of political Islam that together explain more than 50% of the total variance of the 24 model variables used. “A carefully and methodically flawlessly researched work, which is highly recommended for all those who deal seriously with this topic. Professor Arno Tausch is clear-headed and possesses a remarkable ability to make the broad picture of Political Islam accessible.“ Hon. Prof. Gunther Hauser, Head of the Department Strategy and Security Policy, National Defense Academy, Vienna, Austria “Methodological rigorous, scientifically sound, empirically rich and combining the best of qualitative and quantitative approaches, Prof Arno Tausch has produced a tour de force on Political Islam. This study reflects the best scholarship on the subject and will be of use to both policy makers and academics.” Prof Hussein Solomon, Academic Head of the Department of Political Studies and Governance, University of the Free State, South Africa</marc:subfield></marc:datafield><marc:datafield tag="540" ind1=" " ind2=" "><marc:subfield code="a">Creative Commons</marc:subfield><marc:subfield code="f">by/4.0/</marc:subfield><marc:subfield code="2">cc</marc:subfield><marc:subfield code="4">http://creativecommons.org/licenses/by/4.0/</marc:subfield></marc:datafield><marc:datafield tag="546" ind1=" " ind2=" "><marc:subfield code="a">English</marc:subfield></marc:datafield><marc:datafield tag="650" ind1=" " ind2="7"><marc:subfield code="a">Terrorism, armed struggle</marc:subfield><marc:subfield code="2">bicssc</marc:subfield></marc:datafield><marc:datafield tag="650" ind1=" " ind2="7"><marc:subfield code="a">Politics &amp; government</marc:subfield><marc:subfield code="2">bicssc</marc:subfield></marc:datafield><marc:datafield tag="650" ind1=" " ind2="7"><marc:subfield code="a">Religion &amp; beliefs</marc:subfield><marc:subfield code="2">bicssc</marc:subfield></marc:datafield><marc:datafield tag="653" ind1=" " ind2=" "><marc:subfield code="a">Political Islam</marc:subfield></marc:datafield><marc:datafield tag="653" ind1=" " ind2=" "><marc:subfield code="a">Religiously Motivated Political Extremism</marc:subfield></marc:datafield><marc:datafield tag="653" ind1=" " ind2=" "><marc:subfield code="a">Arab Barometer</marc:subfield></marc:datafield><marc:datafield tag="653" ind1=" " ind2=" "><marc:subfield code="a">World Values Survey</marc:subfield></marc:datafield><marc:datafield tag="653" ind1=" " ind2=" "><marc:subfield code="a">Middle East</marc:subfield></marc:datafield><marc:datafield tag="653" ind1=" " ind2=" "><marc:subfield code="a">Islamist interpretation of Islam</marc:subfield></marc:datafield><marc:datafield tag="653" ind1=" " ind2=" "><marc:subfield code="a">Terrorism and Political Violence</marc:subfield></marc:datafield><marc:datafield tag="653" ind1=" " ind2=" "><marc:subfield code="a">Sociology of Religion</marc:subfield></marc:datafield><marc:datafield tag="653" ind1=" " ind2=" "><marc:subfield code="a">Open Society and Political Islam</marc:subfield></marc:datafield><marc:datafield tag="856" ind1="4" ind2="0"><marc:subfield code="a">www.oapen.org</marc:subfield><marc:subfield code="u">https://library.oapen.org/bitstream/id/522c98c9-d8e7-4e24-931b-cdb353efef6d/978-3-031-24854-2.pdf</marc:subfield><marc:subfield code="7">0</marc:subfield><marc:subfield code="z">OAPEN Library: download the publication</marc:subfield></marc:datafield><marc:datafield tag="856" ind1="4" ind2="0"><marc:subfield code="a">www.oapen.org</marc:subfield><marc:subfield code="u">https://library.oapen.org/handle/20.500.12657/61862</marc:subfield><marc:subfield code="7">0</marc:subfield><marc:subfield code="z">OAPEN Library: description of the publication</marc:subfield></marc:datafield></marc:record>