

<marc:record><marc:leader>     naaaa       uu     </marc:leader><marc:controlfield tag="001">https://library.oapen.org/handle/20.500.12657/42479</marc:controlfield><marc:controlfield tag="005">20201007</marc:controlfield><marc:controlfield tag="003">oapen</marc:controlfield><marc:controlfield tag="006">m     o  d        </marc:controlfield><marc:controlfield tag="007">cr|mn|---annan</marc:controlfield><marc:controlfield tag="008">20201007s2020    xx |||||o     ||| 0|nor d</marc:controlfield><marc:datafield tag="020" ind1=" " ind2=" "><marc:subfield code="a">noasp.91</marc:subfield></marc:datafield><marc:datafield tag="040" ind1=" " ind2=" "><marc:subfield code="a">oapen</marc:subfield><marc:subfield code="c">oapen</marc:subfield></marc:datafield><marc:datafield tag="024" ind1="7" ind2=" "><marc:subfield code="a">10.23865/noasp.91</marc:subfield><marc:subfield code="c">doi</marc:subfield></marc:datafield><marc:datafield tag="041" ind1="0" ind2=" "><marc:subfield code="a">nor</marc:subfield></marc:datafield><marc:datafield tag="042" ind1=" " ind2=" "><marc:subfield code="a">dc</marc:subfield></marc:datafield><marc:datafield tag="072" ind1=" " ind2="7"><marc:subfield code="a">HB</marc:subfield><marc:subfield code="2">bicssc</marc:subfield></marc:datafield><marc:datafield tag="072" ind1=" " ind2="7"><marc:subfield code="a">HRAX</marc:subfield><marc:subfield code="2">bicssc</marc:subfield></marc:datafield><marc:datafield tag="100" ind1="1" ind2=" "><marc:subfield code="a">Aarflot, Andreas</marc:subfield><marc:subfield code="4">auth</marc:subfield></marc:datafield><marc:datafield tag="245" ind1="1" ind2="0"><marc:subfield code="a">Varslingsklokken</marc:subfield><marc:subfield code="b">Berte Kanutte Aarflot - bondekone og vekkerrøst</marc:subfield></marc:datafield><marc:datafield tag="260" ind1=" " ind2=" "><marc:subfield code="a">Oslo</marc:subfield><marc:subfield code="b">Cappelen Damm Akademisk/NOASP (Nordic Open Access Scholarly Publishing)</marc:subfield><marc:subfield code="c">2020</marc:subfield></marc:datafield><marc:datafield tag="300" ind1=" " ind2=" "><marc:subfield code="a">1 electronic resource (155 p.)</marc:subfield></marc:datafield><marc:datafield tag="336" ind1=" " ind2=" "><marc:subfield code="a">text</marc:subfield><marc:subfield code="b">txt</marc:subfield><marc:subfield code="2">rdacontent</marc:subfield></marc:datafield><marc:datafield tag="337" ind1=" " ind2=" "><marc:subfield code="a">computer</marc:subfield><marc:subfield code="b">c</marc:subfield><marc:subfield code="2">rdamedia</marc:subfield></marc:datafield><marc:datafield tag="338" ind1=" " ind2=" "><marc:subfield code="a">online resource</marc:subfield><marc:subfield code="b">cr</marc:subfield><marc:subfield code="2">rdacarrier</marc:subfield></marc:datafield><marc:datafield tag="506" ind1="0" ind2=" "><marc:subfield code="a">Open Access</marc:subfield><marc:subfield code="2">star</marc:subfield><marc:subfield code="f">Unrestricted online access</marc:subfield></marc:datafield><marc:datafield tag="520" ind1=" " ind2=" "><marc:subfield code="a">Berte Kanutte Aarflot lived in the Northwestern region of Norway in the 19th century. In this book, her great-great-grandson gives the first overview of her written work and puts it in the context of her time. Aarflot, a woman who left a big mark both in the religious sphere and in society, published over 600 pages of religious litterature. This is the 34th book in the series Kyrkjefag Profil.</marc:subfield></marc:datafield><marc:datafield tag="520" ind1=" " ind2=" "><marc:subfield code="a">"Berte Kanutte Aarflot satte tydelige spor etter seg både i kirken og i samfunnet generelt i første halvdel av 1800-tallet. Det er et særsyn at en enkel bondekvinne kunne vinne slik anseelse og betydning i sitt lokalmiljø på Sunnmøre, men innflytelsen hennes strakte seg også til store deler av Nordvestlandet, og langt utover&#13;
i landet ellers.&#13;
&#13;
Med røtter i det haugianske miljøet i Ørsta og Volda sto hun frem som veileder og vekkerrøst i en brytningstid der nye nasjonale strømninger preget Norge. Hun var en foregangskvinne, både som selvlært forfatter og selvstendig formidler av kirkens budskap. Skriftene hennes omfattet mer enn 600 sider, og ble trykt i over tretti opplag i løpet av 1800-tallet.&#13;
&#13;
I denne boken foreligger for første gang en grundig gjennomgang av arbeidene til Berte Kanutte Aarflot, med en presentasjon av hennes trosverden og religiøse tanker, satt inn i samtidens kontekst. Det er et samtidsbilde som maner til inspirasjon og ettertanke, også for lesere i vår tid.&#13;
&#13;
Boka er nummer 34 i serien Kyrkjefag Profil."</marc:subfield></marc:datafield><marc:datafield tag="540" ind1=" " ind2=" "><marc:subfield code="a">Creative Commons</marc:subfield><marc:subfield code="f">https://creativecommons.org/licenses/by/4.0/</marc:subfield><marc:subfield code="2">cc</marc:subfield><marc:subfield code="4">https://creativecommons.org/licenses/by/4.0/</marc:subfield></marc:datafield><marc:datafield tag="546" ind1=" " ind2=" "><marc:subfield code="a">Norwegian</marc:subfield></marc:datafield><marc:datafield tag="650" ind1=" " ind2="7"><marc:subfield code="a">History</marc:subfield><marc:subfield code="2">bicssc</marc:subfield></marc:datafield><marc:datafield tag="650" ind1=" " ind2="7"><marc:subfield code="a">History of religion</marc:subfield><marc:subfield code="2">bicssc</marc:subfield></marc:datafield><marc:datafield tag="653" ind1=" " ind2=" "><marc:subfield code="a">Berte Kanutte Aarflot</marc:subfield></marc:datafield><marc:datafield tag="653" ind1=" " ind2=" "><marc:subfield code="a">biography</marc:subfield></marc:datafield><marc:datafield tag="653" ind1=" " ind2=" "><marc:subfield code="a">vekkerrøst</marc:subfield></marc:datafield><marc:datafield tag="653" ind1=" " ind2=" "><marc:subfield code="a">haugianerne</marc:subfield></marc:datafield><marc:datafield tag="653" ind1=" " ind2=" "><marc:subfield code="a">biografi</marc:subfield></marc:datafield><marc:datafield tag="856" ind1="4" ind2="0"><marc:subfield code="a">www.oapen.org</marc:subfield><marc:subfield code="u">https://library.oapen.org/bitstream/id/70b48b6a-8c41-4072-869c-77d298c35e0a/Varslingsklokken_PDF.pdf</marc:subfield><marc:subfield code="7">0</marc:subfield><marc:subfield code="z">OAPEN Library: download the publication</marc:subfield></marc:datafield><marc:datafield tag="856" ind1="4" ind2="0"><marc:subfield code="a">www.oapen.org</marc:subfield><marc:subfield code="u">https://library.oapen.org/handle/20.500.12657/42479</marc:subfield><marc:subfield code="7">0</marc:subfield><marc:subfield code="z">OAPEN Library: description of the publication</marc:subfield></marc:datafield></marc:record>