

<marc:record><marc:leader>     naaaa       uu     </marc:leader><marc:controlfield tag="001">https://library.oapen.org/handle/20.500.12657/64028</marc:controlfield><marc:controlfield tag="005">20230720</marc:controlfield><marc:controlfield tag="003">oapen</marc:controlfield><marc:controlfield tag="006">m     o  d        </marc:controlfield><marc:controlfield tag="007">cr|mn|---annan</marc:controlfield><marc:controlfield tag="008">20230720s2023    xx |||||o     ||| 0|eng d</marc:controlfield><marc:datafield tag="020" ind1=" " ind2=" "><marc:subfield code="a">9789461665171</marc:subfield></marc:datafield><marc:datafield tag="020" ind1=" " ind2=" "><marc:subfield code="a">9789461665188</marc:subfield></marc:datafield><marc:datafield tag="020" ind1=" " ind2=" "><marc:subfield code="a">9789462703742</marc:subfield></marc:datafield><marc:datafield tag="040" ind1=" " ind2=" "><marc:subfield code="a">oapen</marc:subfield><marc:subfield code="c">oapen</marc:subfield></marc:datafield><marc:datafield tag="024" ind1="7" ind2=" "><marc:subfield code="a">10.11116/9789461665171</marc:subfield><marc:subfield code="c">doi</marc:subfield></marc:datafield><marc:datafield tag="041" ind1="0" ind2=" "><marc:subfield code="a">eng</marc:subfield></marc:datafield><marc:datafield tag="042" ind1=" " ind2=" "><marc:subfield code="a">dc</marc:subfield></marc:datafield><marc:datafield tag="072" ind1=" " ind2="7"><marc:subfield code="a">HRCX7</marc:subfield><marc:subfield code="2">bicssc</marc:subfield></marc:datafield><marc:datafield tag="100" ind1="1" ind2=" "><marc:subfield code="a">Oehri, Noah</marc:subfield><marc:subfield code="4">auth</marc:subfield></marc:datafield><marc:datafield tag="245" ind1="1" ind2="0"><marc:subfield code="a">Landscapes of Liberation</marc:subfield><marc:subfield code="b">Mission and Development in Peru’s Southern Highlands, 1958 – 1988</marc:subfield></marc:datafield><marc:datafield tag="260" ind1=" " ind2=" "><marc:subfield code="a">Leuven</marc:subfield><marc:subfield code="b">Leuven University Press</marc:subfield><marc:subfield code="c">2023</marc:subfield></marc:datafield><marc:datafield tag="300" ind1=" " ind2=" "><marc:subfield code="a">1 electronic resource (231 p.)</marc:subfield></marc:datafield><marc:datafield tag="336" ind1=" " ind2=" "><marc:subfield code="a">text</marc:subfield><marc:subfield code="b">txt</marc:subfield><marc:subfield code="2">rdacontent</marc:subfield></marc:datafield><marc:datafield tag="337" ind1=" " ind2=" "><marc:subfield code="a">computer</marc:subfield><marc:subfield code="b">c</marc:subfield><marc:subfield code="2">rdamedia</marc:subfield></marc:datafield><marc:datafield tag="338" ind1=" " ind2=" "><marc:subfield code="a">online resource</marc:subfield><marc:subfield code="b">cr</marc:subfield><marc:subfield code="2">rdacarrier</marc:subfield></marc:datafield><marc:datafield tag="490" ind1="1" ind2=" "><marc:subfield code="a">Leuven Studies in Mission and Modernity</marc:subfield><marc:subfield code="v">2</marc:subfield></marc:datafield><marc:datafield tag="506" ind1="0" ind2=" "><marc:subfield code="a">Open Access</marc:subfield><marc:subfield code="2">star</marc:subfield><marc:subfield code="f">Unrestricted online access</marc:subfield></marc:datafield><marc:datafield tag="520" ind1=" " ind2=" "><marc:subfield code="a">The reception of liberation theology in &#13;
Andean America&#13;
&#13;
Catholic mission from the mid-20th century onwards was complicated by geopolitical upheaval, church reform, and the emergent critique of the colonial power matrix to which the Church belonged. Missionary movements to Latin America coincided with visions for a progressive, radically transformative church.&#13;
&#13;
Landscapes of Liberation expands scholarship into liberation theology’s reception in Andean America and critically examines the interplay of the Catholic Church as a global institution with parishes as local actors. Through source material from both sides of the Atlantic, this book charts how a transnational network of pastoral agents and laypeople in Peru’s southern highlands claimed mission and development as intertwined tenets of spiritual and social life throughout three decades of agrarian reform, activism, and social conflict. Ultimately, this book reveals how transformative theories for rural development yield contingent transformations: concrete change, yet contested liberation.&#13;
&#13;
Ebook available in Open Access.&#13;
This publication is GPRC-labeled (Guaranteed Peer-Reviewed Content).</marc:subfield></marc:datafield><marc:datafield tag="536" ind1=" " ind2=" "><marc:subfield code="a">Schweizerischer Nationalfonds zur Förderung der Wissenschaftlichen Forschung</marc:subfield></marc:datafield><marc:datafield tag="540" ind1=" " ind2=" "><marc:subfield code="a">Creative Commons</marc:subfield><marc:subfield code="f">https://creativecommons.org/licenses/by-nc-nd/4.0/</marc:subfield><marc:subfield code="2">cc</marc:subfield><marc:subfield code="4">https://creativecommons.org/licenses/by-nc-nd/4.0/</marc:subfield></marc:datafield><marc:datafield tag="546" ind1=" " ind2=" "><marc:subfield code="a">English</marc:subfield></marc:datafield><marc:datafield tag="650" ind1=" " ind2="7"><marc:subfield code="a">Christian mission &amp; evangelism</marc:subfield><marc:subfield code="2">bicssc</marc:subfield></marc:datafield><marc:datafield tag="653" ind1=" " ind2=" "><marc:subfield code="a">Mission;Development;Latin America;Catholic Church;Liberation Theology;Peru;Agrarian Reform</marc:subfield></marc:datafield><marc:datafield tag="856" ind1="4" ind2="0"><marc:subfield code="a">www.oapen.org</marc:subfield><marc:subfield code="u">https://library.oapen.org/bitstream/id/0ee27712-5eba-4f71-b511-f37c1601f2c3/9789461665171.pdf</marc:subfield><marc:subfield code="7">0</marc:subfield><marc:subfield code="z">OAPEN Library: download the publication</marc:subfield></marc:datafield><marc:datafield tag="856" ind1="4" ind2="0"><marc:subfield code="a">www.oapen.org</marc:subfield><marc:subfield code="u">https://library.oapen.org/handle/20.500.12657/64028</marc:subfield><marc:subfield code="7">0</marc:subfield><marc:subfield code="z">OAPEN Library: description of the publication</marc:subfield></marc:datafield></marc:record>