

<marc:record><marc:leader>     naaaa       uu     </marc:leader><marc:controlfield tag="001">https://library.oapen.org/handle/20.500.12657/47825</marc:controlfield><marc:controlfield tag="005">20210413</marc:controlfield><marc:controlfield tag="003">oapen</marc:controlfield><marc:controlfield tag="006">m     o  d        </marc:controlfield><marc:controlfield tag="007">cr|mn|---annan</marc:controlfield><marc:controlfield tag="008">20210413s2021    xx |||||o     ||| 0|eng d</marc:controlfield><marc:datafield tag="020" ind1=" " ind2=" "><marc:subfield code="a">9781644696828</marc:subfield></marc:datafield><marc:datafield tag="040" ind1=" " ind2=" "><marc:subfield code="a">oapen</marc:subfield><marc:subfield code="c">oapen</marc:subfield></marc:datafield><marc:datafield tag="041" ind1="0" ind2=" "><marc:subfield code="a">eng</marc:subfield></marc:datafield><marc:datafield tag="042" ind1=" " ind2=" "><marc:subfield code="a">dc</marc:subfield></marc:datafield><marc:datafield tag="072" ind1=" " ind2="7"><marc:subfield code="a">JFSR</marc:subfield><marc:subfield code="2">bicssc</marc:subfield></marc:datafield><marc:datafield tag="072" ind1=" " ind2="7"><marc:subfield code="a">HRAM9</marc:subfield><marc:subfield code="2">bicssc</marc:subfield></marc:datafield><marc:datafield tag="100" ind1="1" ind2=" "><marc:subfield code="a">Stoegner, Karin</marc:subfield><marc:subfield code="4">edt</marc:subfield></marc:datafield><marc:datafield tag="700" ind1="1" ind2=" "><marc:subfield code="a">Bechter, Nicolas</marc:subfield><marc:subfield code="4">edt</marc:subfield></marc:datafield><marc:datafield tag="700" ind1="1" ind2=" "><marc:subfield code="a">Klaff, Lesley</marc:subfield><marc:subfield code="4">edt</marc:subfield></marc:datafield><marc:datafield tag="700" ind1="1" ind2=" "><marc:subfield code="a">Spencer, Philip</marc:subfield><marc:subfield code="4">edt</marc:subfield></marc:datafield><marc:datafield tag="700" ind1="1" ind2=" "><marc:subfield code="a">Stoegner, Karin</marc:subfield><marc:subfield code="4">oth</marc:subfield></marc:datafield><marc:datafield tag="700" ind1="1" ind2=" "><marc:subfield code="a">Bechter, Nicolas</marc:subfield><marc:subfield code="4">oth</marc:subfield></marc:datafield><marc:datafield tag="700" ind1="1" ind2=" "><marc:subfield code="a">Klaff, Lesley</marc:subfield><marc:subfield code="4">oth</marc:subfield></marc:datafield><marc:datafield tag="700" ind1="1" ind2=" "><marc:subfield code="a">Spencer, Philip</marc:subfield><marc:subfield code="4">oth</marc:subfield></marc:datafield><marc:datafield tag="245" ind1="1" ind2="0"><marc:subfield code="a">Journal for the Study of Antisemitism</marc:subfield><marc:subfield code="b">Contemporary Antisemitism and Racism in the Shadow of the Holocaust (Special Issue)</marc:subfield></marc:datafield><marc:datafield tag="260" ind1=" " ind2=" "><marc:subfield code="b">Academic Studies Press</marc:subfield><marc:subfield code="c">2021</marc:subfield></marc:datafield><marc:datafield tag="336" ind1=" " ind2=" "><marc:subfield code="a">text</marc:subfield><marc:subfield code="b">txt</marc:subfield><marc:subfield code="2">rdacontent</marc:subfield></marc:datafield><marc:datafield tag="337" ind1=" " ind2=" "><marc:subfield code="a">computer</marc:subfield><marc:subfield code="b">c</marc:subfield><marc:subfield code="2">rdamedia</marc:subfield></marc:datafield><marc:datafield tag="338" ind1=" " ind2=" "><marc:subfield code="a">online resource</marc:subfield><marc:subfield code="b">cr</marc:subfield><marc:subfield code="2">rdacarrier</marc:subfield></marc:datafield><marc:datafield tag="506" ind1="0" ind2=" "><marc:subfield code="a">Open Access</marc:subfield><marc:subfield code="2">star</marc:subfield><marc:subfield code="f">Unrestricted online access</marc:subfield></marc:datafield><marc:datafield tag="520" ind1=" " ind2=" "><marc:subfield code="a">This Special Issue of the Journal for the Study of Antisemitism
contains a collection of papers that were presented at the International
Conference “Contemporary Antisemitism and Racism in the Shadow of the
Holocaust”—the midterm conference of the Research Network on Ethnic
Relations, Racism and Antisemitism within the European Sociological
Association. The network was set up over a decade ago with the aim of
addressing what was felt to be a serious gap in contemporary social theory,
the continuing and indeed growing presence of antisemitism and its
connection to other racisms.</marc:subfield></marc:datafield><marc:datafield tag="536" ind1=" " ind2=" "><marc:subfield code="a">Knowledge Unlatched</marc:subfield></marc:datafield><marc:datafield tag="540" ind1=" " ind2=" "><marc:subfield code="a">Creative Commons</marc:subfield><marc:subfield code="f">https://creativecommons.org/licenses/by-nc-nd/4.0/legalcode</marc:subfield><marc:subfield code="2">cc</marc:subfield><marc:subfield code="4">https://creativecommons.org/licenses/by-nc-nd/4.0/legalcode</marc:subfield></marc:datafield><marc:datafield tag="546" ind1=" " ind2=" "><marc:subfield code="a">English</marc:subfield></marc:datafield><marc:datafield tag="650" ind1=" " ind2="7"><marc:subfield code="a">Religious groups: social &amp; cultural aspects</marc:subfield><marc:subfield code="2">bicssc</marc:subfield></marc:datafield><marc:datafield tag="650" ind1=" " ind2="7"><marc:subfield code="a">Religious intolerance, persecution &amp; conflict</marc:subfield><marc:subfield code="2">bicssc</marc:subfield></marc:datafield><marc:datafield tag="653" ind1=" " ind2=" "><marc:subfield code="a">Social Science</marc:subfield></marc:datafield><marc:datafield tag="653" ind1=" " ind2=" "><marc:subfield code="a">Jewish Studies</marc:subfield></marc:datafield><marc:datafield tag="653" ind1=" " ind2=" "><marc:subfield code="a">Religion</marc:subfield></marc:datafield><marc:datafield tag="653" ind1=" " ind2=" "><marc:subfield code="a">Religious Intolerance, Persecution &amp; Conflict</marc:subfield></marc:datafield><marc:datafield tag="856" ind1="4" ind2="0"><marc:subfield code="a">www.oapen.org</marc:subfield><marc:subfield code="u">https://library.oapen.org/bitstream/id/19da5d90-7396-4e16-9405-c266f201a52f/external_content.pdf</marc:subfield><marc:subfield code="7">0</marc:subfield><marc:subfield code="z">OAPEN Library: download the publication</marc:subfield></marc:datafield><marc:datafield tag="856" ind1="4" ind2="0"><marc:subfield code="a">www.oapen.org</marc:subfield><marc:subfield code="u">https://library.oapen.org/handle/20.500.12657/47825</marc:subfield><marc:subfield code="7">0</marc:subfield><marc:subfield code="z">OAPEN Library: description of the publication</marc:subfield></marc:datafield></marc:record>