

<marc:record><marc:leader>     naaaa       uu     </marc:leader><marc:controlfield tag="001">https://library.oapen.org/handle/20.500.12657/49439</marc:controlfield><marc:controlfield tag="005">20210610</marc:controlfield><marc:controlfield tag="003">oapen</marc:controlfield><marc:controlfield tag="006">m     o  d        </marc:controlfield><marc:controlfield tag="007">cr|mn|---annan</marc:controlfield><marc:controlfield tag="008">20210610s2021    xx |||||o     ||| 0|nor d</marc:controlfield><marc:datafield tag="020" ind1=" " ind2=" "><marc:subfield code="a">noasp.129</marc:subfield></marc:datafield><marc:datafield tag="020" ind1=" " ind2=" "><marc:subfield code="a">9788202719906</marc:subfield></marc:datafield><marc:datafield tag="020" ind1=" " ind2=" "><marc:subfield code="a">9788202723866</marc:subfield></marc:datafield><marc:datafield tag="020" ind1=" " ind2=" "><marc:subfield code="a">9788202723859</marc:subfield></marc:datafield><marc:datafield tag="020" ind1=" " ind2=" "><marc:subfield code="a">9788202723873</marc:subfield></marc:datafield><marc:datafield tag="040" ind1=" " ind2=" "><marc:subfield code="a">oapen</marc:subfield><marc:subfield code="c">oapen</marc:subfield></marc:datafield><marc:datafield tag="024" ind1="7" ind2=" "><marc:subfield code="a">10.23865/noasp.129</marc:subfield><marc:subfield code="c">doi</marc:subfield></marc:datafield><marc:datafield tag="041" ind1="0" ind2=" "><marc:subfield code="a">nor</marc:subfield></marc:datafield><marc:datafield tag="042" ind1=" " ind2=" "><marc:subfield code="a">dc</marc:subfield></marc:datafield><marc:datafield tag="072" ind1=" " ind2="7"><marc:subfield code="a">KJM</marc:subfield><marc:subfield code="2">bicssc</marc:subfield></marc:datafield><marc:datafield tag="072" ind1=" " ind2="7"><marc:subfield code="a">KJU</marc:subfield><marc:subfield code="2">bicssc</marc:subfield></marc:datafield><marc:datafield tag="072" ind1=" " ind2="7"><marc:subfield code="a">HRCX</marc:subfield><marc:subfield code="2">bicssc</marc:subfield></marc:datafield><marc:datafield tag="100" ind1="1" ind2=" "><marc:subfield code="a">Sirris, Stephen</marc:subfield><marc:subfield code="4">edt</marc:subfield></marc:datafield><marc:datafield tag="700" ind1="1" ind2=" "><marc:subfield code="a">Askeland, Harald</marc:subfield><marc:subfield code="4">edt</marc:subfield></marc:datafield><marc:datafield tag="700" ind1="1" ind2=" "><marc:subfield code="a">Sirris, Stephen</marc:subfield><marc:subfield code="4">oth</marc:subfield></marc:datafield><marc:datafield tag="700" ind1="1" ind2=" "><marc:subfield code="a">Askeland, Harald</marc:subfield><marc:subfield code="4">oth</marc:subfield></marc:datafield><marc:datafield tag="245" ind1="1" ind2="0"><marc:subfield code="a">Kirkelig organisering og ledelse</marc:subfield><marc:subfield code="b">Et verdibasert og praksisorientert perspektiv</marc:subfield></marc:datafield><marc:datafield tag="260" ind1=" " ind2=" "><marc:subfield code="a">Oslo</marc:subfield><marc:subfield code="b">Cappelen Damm Akademisk/NOASP (Nordic Open Access Scholarly Publishing)</marc:subfield><marc:subfield code="c">2021</marc:subfield></marc:datafield><marc:datafield tag="300" ind1=" " ind2=" "><marc:subfield code="a">1 electronic resource (268 p.)</marc:subfield></marc:datafield><marc:datafield tag="336" ind1=" " ind2=" "><marc:subfield code="a">text</marc:subfield><marc:subfield code="b">txt</marc:subfield><marc:subfield code="2">rdacontent</marc:subfield></marc:datafield><marc:datafield tag="337" ind1=" " ind2=" "><marc:subfield code="a">computer</marc:subfield><marc:subfield code="b">c</marc:subfield><marc:subfield code="2">rdamedia</marc:subfield></marc:datafield><marc:datafield tag="338" ind1=" " ind2=" "><marc:subfield code="a">online resource</marc:subfield><marc:subfield code="b">cr</marc:subfield><marc:subfield code="2">rdacarrier</marc:subfield></marc:datafield><marc:datafield tag="506" ind1="0" ind2=" "><marc:subfield code="a">Open Access</marc:subfield><marc:subfield code="2">star</marc:subfield><marc:subfield code="f">Unrestricted online access</marc:subfield></marc:datafield><marc:datafield tag="520" ind1=" " ind2=" "><marc:subfield code="a">" What is unique about leadership and leadership roles in the Church of Norway? In what ways does the Church’s organization reflect its mission? These are among the questions raised by the transition from state church to independent national church, internal reforms, and development of a new organizational structure.&#13;
&#13;
The objective of this anthology is to provide new insight into organization and management of a church in transition. The articles analyse various aspects of development such as democratization, professionalization, and bolstering the Church’s administrative organization. Empirical investigation of the church begins in studies of organization and leadership, enabling a dialogue between what is unique in the context of the Church and general organizational theory.&#13;
&#13;
The book sheds light on the church’s distinctive empirical ecclesiological and organization-theoretical features. The authors adopt a values-based and practice-oriented perspective, taking into account the Church’s identity and values as both a religious community and an organization with a wide range of activities and leadership practices on display.&#13;
&#13;
Church Organization and Management is aimed primarily toward students in educational programs qualifying them for church service as well as church employees, managers, and advisory board members. This book will also provide researchers in organization and management with an introduction to the field of the church and its context.&#13;
&#13;
This book is the result of an initiative by the section for values-based leadership at VID Specialized University, and its authors have drawn on lengthy teaching and research experience on the Church of Norway. The book’s editors are Stephen Sirris, associate professor at VID’s Faculty of Theology, Diaconia and Leadership Studies, and Harald Askeland, professor at VID’s Faculty of Theology, Diaconia and Leadership Studies."</marc:subfield></marc:datafield><marc:datafield tag="520" ind1=" " ind2=" "><marc:subfield code="a">"Hva er særegent ved ledelse og lederroller i Den norske kirke? Hvordan kan kirkelig organisering målbære kirkens oppdrag? Dette er spørsmål som er aktualisert med overgangen fra statskirke til selvstendig folkekirke, indre reformer og utviklingen av ny kirkeordning.&#13;
&#13;
Hensikten med denne forskningsantologien er å gi ny forståelse av organisering og ledelse i en kirke i endring. Artiklene analyserer utviklingstrekk som demokratisering, profesjonalisering og styrking av kirkens forvaltningsorganisasjon. Den empiriske utforskningen av kirkefeltet tar utgangspunkt i studier av organisering og ledelse, noe som muliggjør en dialog mellom det særegne i kirkekonteksten og allmenn organisasjonsteori.&#13;
&#13;
Boken belyser kirkens egenart empirisk ekklesiologisk og organisasjonsteoretisk. Forfatterne anlegger et verdibasert og praksisorientert perspektiv. Dette tar høyde for kirkens identitet og verdier som et religiøst fellesskap, og som en organisasjon med omfattende virksomhet og ledelsespraksiser som utfoldes.&#13;
&#13;
Kirkelig organisering og ledelse retter seg særlig mot studenter ved utdanningene som kvalifiserer til kirkelig tjeneste, samt kirkeansatte, kirkeledere og rådsmedlemmer. For organisasjons- og ledelsesforskere vil boken gi en innføring i kirkefeltet og kirkekonteksten.  &#13;
&#13;
Boken springer ut av fagmiljøet i verdibasert ledelse ved VID vitenskapelige høgskole. Forfatterne trekker veksler på langvarig undervisnings- og forskningserfaring på Den norske kirke. Redaktører for boken er Stephen Sirris, førsteamanuensis ved Fakultet for teologi, diakoni og ledelsesfag ved VID vitenskapelige høgskole, og Harald Askeland, professor ved Fakultet for teologi, diakoni og ledelsesfag ved VID vitenskapelige høgskole."</marc:subfield></marc:datafield><marc:datafield tag="540" ind1=" " ind2=" "><marc:subfield code="a">Creative Commons</marc:subfield><marc:subfield code="f">https://creativecommons.org/licenses/by-nc-nd/4.0/</marc:subfield><marc:subfield code="2">cc</marc:subfield><marc:subfield code="4">https://creativecommons.org/licenses/by-nc-nd/4.0/</marc:subfield></marc:datafield><marc:datafield tag="546" ind1=" " ind2=" "><marc:subfield code="a">Norwegian</marc:subfield></marc:datafield><marc:datafield tag="650" ind1=" " ind2="7"><marc:subfield code="a">Management &amp; management techniques</marc:subfield><marc:subfield code="2">bicssc</marc:subfield></marc:datafield><marc:datafield tag="650" ind1=" " ind2="7"><marc:subfield code="a">Organizational theory &amp; behaviour</marc:subfield><marc:subfield code="2">bicssc</marc:subfield></marc:datafield><marc:datafield tag="650" ind1=" " ind2="7"><marc:subfield code="a">Christian institutions &amp; organizations</marc:subfield><marc:subfield code="2">bicssc</marc:subfield></marc:datafield><marc:datafield tag="653" ind1=" " ind2=" "><marc:subfield code="a">Organizing, leadership, management, church value, change, reform, organisering, ledelse, kirke, verdi, endring, reform, utvikling</marc:subfield></marc:datafield><marc:datafield tag="856" ind1="4" ind2="0"><marc:subfield code="a">www.oapen.org</marc:subfield><marc:subfield code="u">https://library.oapen.org/bitstream/id/b81a895d-a420-4da3-b126-9abf452b0117/Kirkelig_organisering_pdf.pdf</marc:subfield><marc:subfield code="7">0</marc:subfield><marc:subfield code="z">OAPEN Library: download the publication</marc:subfield></marc:datafield><marc:datafield tag="856" ind1="4" ind2="0"><marc:subfield code="a">www.oapen.org</marc:subfield><marc:subfield code="u">https://library.oapen.org/handle/20.500.12657/49439</marc:subfield><marc:subfield code="7">0</marc:subfield><marc:subfield code="z">OAPEN Library: description of the publication</marc:subfield></marc:datafield></marc:record>