

<marc:record><marc:leader>     naaaa       uu     </marc:leader><marc:controlfield tag="001">https://library.oapen.org/handle/20.500.12657/52645</marc:controlfield><marc:controlfield tag="005">20220203</marc:controlfield><marc:controlfield tag="003">oapen</marc:controlfield><marc:controlfield tag="006">m     o  d        </marc:controlfield><marc:controlfield tag="007">cr|mn|---annan</marc:controlfield><marc:controlfield tag="008">20220203s2020    xx |||||o     ||| 0|deu d</marc:controlfield><marc:datafield tag="020" ind1=" " ind2=" "><marc:subfield code="a">978-3-402-11849-8</marc:subfield></marc:datafield><marc:datafield tag="020" ind1=" " ind2=" "><marc:subfield code="a">9783402118306</marc:subfield></marc:datafield><marc:datafield tag="040" ind1=" " ind2=" "><marc:subfield code="a">oapen</marc:subfield><marc:subfield code="c">oapen</marc:subfield></marc:datafield><marc:datafield tag="024" ind1="7" ind2=" "><marc:subfield code="a">10.17438/978-3-402-11849-8</marc:subfield><marc:subfield code="c">doi</marc:subfield></marc:datafield><marc:datafield tag="041" ind1="0" ind2=" "><marc:subfield code="a">deu</marc:subfield></marc:datafield><marc:datafield tag="042" ind1=" " ind2=" "><marc:subfield code="a">dc</marc:subfield></marc:datafield><marc:datafield tag="072" ind1=" " ind2="7"><marc:subfield code="a">HRAB</marc:subfield><marc:subfield code="2">bicssc</marc:subfield></marc:datafield><marc:datafield tag="100" ind1="1" ind2=" "><marc:subfield code="a">Propach, Jan Levin</marc:subfield><marc:subfield code="4">auth</marc:subfield></marc:datafield><marc:datafield tag="245" ind1="1" ind2="0"><marc:subfield code="a">Alles kann, nichts muss?!</marc:subfield><marc:subfield code="b">Theorien der Modalität bei G. W. Leibniz, D. Lewis und A. Plantinga und ihre Vereinbarkeit mit Spielarten des Theismus</marc:subfield></marc:datafield><marc:datafield tag="260" ind1=" " ind2=" "><marc:subfield code="a">Münster</marc:subfield><marc:subfield code="b">Aschendorff Verlag</marc:subfield><marc:subfield code="c">2020</marc:subfield></marc:datafield><marc:datafield tag="300" ind1=" " ind2=" "><marc:subfield code="a">1 electronic resource (294 p.)</marc:subfield></marc:datafield><marc:datafield tag="336" ind1=" " ind2=" "><marc:subfield code="a">text</marc:subfield><marc:subfield code="b">txt</marc:subfield><marc:subfield code="2">rdacontent</marc:subfield></marc:datafield><marc:datafield tag="337" ind1=" " ind2=" "><marc:subfield code="a">computer</marc:subfield><marc:subfield code="b">c</marc:subfield><marc:subfield code="2">rdamedia</marc:subfield></marc:datafield><marc:datafield tag="338" ind1=" " ind2=" "><marc:subfield code="a">online resource</marc:subfield><marc:subfield code="b">cr</marc:subfield><marc:subfield code="2">rdacarrier</marc:subfield></marc:datafield><marc:datafield tag="506" ind1="0" ind2=" "><marc:subfield code="a">Open Access</marc:subfield><marc:subfield code="2">star</marc:subfield><marc:subfield code="f">Unrestricted online access</marc:subfield></marc:datafield><marc:datafield tag="520" ind1=" " ind2=" "><marc:subfield code="a">Can God do what He wants or does God want what is in accordance with His very own nature? Is God bound by necessary principles or is necessary what God decrees? Such questions about the relationship between modalities and concepts of God are part of innumerable debates and reach far into the history of philosophy and theology. This study first examines the modal metaphysics of G.W. Leibniz's, D. Lewis' and A. Plantinga's metaphysics together with their very different ontological frameworks. Subsequently, the different forms of theism within contemporary debates within Analytic Philosophy are analyzed: classical and personal theism and panentheism. The heart of this study will be the analysis of the consistencies and inconsistencies that appear when, for metaphysical and ontological reasons, one wants to connect the different forms of theism with the modal theories of Lewis, Leibniz, or Plantinga.</marc:subfield></marc:datafield><marc:datafield tag="520" ind1=" " ind2=" "><marc:subfield code="a">Kann Gott tun, was er will oder will Gott, was seinem Wesen entspricht? Ist Gott an notwendige Prinzipien gebunden oder ist notwendig, was Gott dekretiert? Derartige Fragen nach dem Verhältnis von Modalitäten und Gotteskonzepten sind Bestandteil unzähliger Debatten und reichen weit in die Philosophie- und Theologiegeschichte zurück. Die vorliegende Studie untersucht zunächst die Modalmetaphysiken G.W. Leibniz’, D. Lewis’ und A. Plantingas samt ihren sehr unterschiedlichen ontologischen Voraussetzungen. Im Anschluss werden die in der gegenwärtigen analytisch-religionsphilosophischen Debatte dominanten Formen des Theismus analysiert: der klassische und personale Theismus und der Panentheismus. Das Kernstück dieser Studie bildet die Analyse von Konsistenzen und Inkonsistenzen, die zutage treten, will man aus metaphysisch-ontologischen Gründen diese unterschiedlichen Formen des Theismus mit den Modaltheorien Lewis’, Leibniz’ oder Plantingas verbinden.</marc:subfield></marc:datafield><marc:datafield tag="536" ind1=" " ind2=" "><marc:subfield code="a">Deutsche Forschungsgemeinschaft (DFG)</marc:subfield></marc:datafield><marc:datafield tag="540" ind1=" " ind2=" "><marc:subfield code="a">Creative Commons</marc:subfield><marc:subfield code="f">https://creativecommons.org/licenses/by-nc-nd/4.0/</marc:subfield><marc:subfield code="2">cc</marc:subfield><marc:subfield code="4">https://creativecommons.org/licenses/by-nc-nd/4.0/</marc:subfield></marc:datafield><marc:datafield tag="546" ind1=" " ind2=" "><marc:subfield code="a">German</marc:subfield></marc:datafield><marc:datafield tag="650" ind1=" " ind2="7"><marc:subfield code="a">Philosophy of religion</marc:subfield><marc:subfield code="2">bicssc</marc:subfield></marc:datafield><marc:datafield tag="653" ind1=" " ind2=" "><marc:subfield code="a">Leibniz; Philosophiegeschichte der Frühen Neuzeit; Early Modern Philosophy; Ideen; Ideas; Mögliche Welten; Possible Worlds; Theismus; Theism; Analytische Metaphysik; Analytic Metaphysics; Religionsphilosophie; Philosophy of Religion; Analytische Philosophie; Analytic Philosophy</marc:subfield></marc:datafield><marc:datafield tag="856" ind1="4" ind2="0"><marc:subfield code="a">www.oapen.org</marc:subfield><marc:subfield code="u">https://library.oapen.org/bitstream/id/2994c563-c2d6-411d-bb45-ab8b0e88ce9c/978-3-402-11849-8.pdf</marc:subfield><marc:subfield code="7">0</marc:subfield><marc:subfield code="z">OAPEN Library: download the publication</marc:subfield></marc:datafield><marc:datafield tag="856" ind1="4" ind2="0"><marc:subfield code="a">www.oapen.org</marc:subfield><marc:subfield code="u">https://library.oapen.org/handle/20.500.12657/52645</marc:subfield><marc:subfield code="7">0</marc:subfield><marc:subfield code="z">OAPEN Library: description of the publication</marc:subfield></marc:datafield></marc:record>