

<marc:record><marc:leader>     naaaa       uu     </marc:leader><marc:controlfield tag="001">https://library.oapen.org/handle/20.500.12657/52640</marc:controlfield><marc:controlfield tag="005">20220203</marc:controlfield><marc:controlfield tag="003">oapen</marc:controlfield><marc:controlfield tag="006">m     o  d        </marc:controlfield><marc:controlfield tag="007">cr|mn|---annan</marc:controlfield><marc:controlfield tag="008">20220203s2022    xx |||||o     ||| 0|nor d</marc:controlfield><marc:datafield tag="020" ind1=" " ind2=" "><marc:subfield code="a">noasp.154</marc:subfield></marc:datafield><marc:datafield tag="020" ind1=" " ind2=" "><marc:subfield code="a">9788202748005</marc:subfield></marc:datafield><marc:datafield tag="020" ind1=" " ind2=" "><marc:subfield code="a">9788202755812</marc:subfield></marc:datafield><marc:datafield tag="020" ind1=" " ind2=" "><marc:subfield code="a">9788202755829</marc:subfield></marc:datafield><marc:datafield tag="020" ind1=" " ind2=" "><marc:subfield code="a">9788202755836</marc:subfield></marc:datafield><marc:datafield tag="040" ind1=" " ind2=" "><marc:subfield code="a">oapen</marc:subfield><marc:subfield code="c">oapen</marc:subfield></marc:datafield><marc:datafield tag="024" ind1="7" ind2=" "><marc:subfield code="a">10.23865/noasp.154</marc:subfield><marc:subfield code="c">doi</marc:subfield></marc:datafield><marc:datafield tag="041" ind1="0" ind2=" "><marc:subfield code="a">nor</marc:subfield></marc:datafield><marc:datafield tag="042" ind1=" " ind2=" "><marc:subfield code="a">dc</marc:subfield></marc:datafield><marc:datafield tag="072" ind1=" " ind2="7"><marc:subfield code="a">HRCX</marc:subfield><marc:subfield code="2">bicssc</marc:subfield></marc:datafield><marc:datafield tag="072" ind1=" " ind2="7"><marc:subfield code="a">KJMB</marc:subfield><marc:subfield code="2">bicssc</marc:subfield></marc:datafield><marc:datafield tag="072" ind1=" " ind2="7"><marc:subfield code="a">KJU</marc:subfield><marc:subfield code="2">bicssc</marc:subfield></marc:datafield><marc:datafield tag="100" ind1="1" ind2=" "><marc:subfield code="a">Sirris, Stephen</marc:subfield><marc:subfield code="4">auth</marc:subfield></marc:datafield><marc:datafield tag="245" ind1="1" ind2="0"><marc:subfield code="a">Profesjon og ledelse i Den norske kirke</marc:subfield><marc:subfield code="b">Organisering av arbeid i en kirke i endring</marc:subfield></marc:datafield><marc:datafield tag="260" ind1=" " ind2=" "><marc:subfield code="a">Oslo</marc:subfield><marc:subfield code="b">Cappelen Damm Akademisk/NOASP (Nordic Open Access Scholarly Publishing)</marc:subfield><marc:subfield code="c">2022</marc:subfield></marc:datafield><marc:datafield tag="300" ind1=" " ind2=" "><marc:subfield code="a">1 electronic resource (294 p.)</marc:subfield></marc:datafield><marc:datafield tag="336" ind1=" " ind2=" "><marc:subfield code="a">text</marc:subfield><marc:subfield code="b">txt</marc:subfield><marc:subfield code="2">rdacontent</marc:subfield></marc:datafield><marc:datafield tag="337" ind1=" " ind2=" "><marc:subfield code="a">computer</marc:subfield><marc:subfield code="b">c</marc:subfield><marc:subfield code="2">rdamedia</marc:subfield></marc:datafield><marc:datafield tag="338" ind1=" " ind2=" "><marc:subfield code="a">online resource</marc:subfield><marc:subfield code="b">cr</marc:subfield><marc:subfield code="2">rdacarrier</marc:subfield></marc:datafield><marc:datafield tag="506" ind1="0" ind2=" "><marc:subfield code="a">Open Access</marc:subfield><marc:subfield code="2">star</marc:subfield><marc:subfield code="f">Unrestricted online access</marc:subfield></marc:datafield><marc:datafield tag="520" ind1=" " ind2=" "><marc:subfield code="a">Ministers, deacons, catechists and cantors are among the church professionals laypeople meet in the context of worship, other church services, and congregational activities. These professionals are upholding a social mission, influencing church practices, setting the tone and developing programs and services within their congregations. What are the hallmarks of the different professions within the church? What insight should church professionals have into each other’s identities and areas of expertise to collaborate and participate in interdisciplinary teamwork? And how, in practical terms, should they be lead?&#13;
&#13;
Profession and Leadership in the Church of Norway: Organizing Work of a Church in Change provides sociological and administrative insights into general and contextual phenomena in the church professions. Relationships between professions, administration and organization in the Church of Norway are analyzed in light of empirical studies and an institutional theoretical framework.&#13;
&#13;
The author discusses how the professions derive appropriate ways of organizing their work. A key finding in the book is that church professions are characterized by calling, autonomy and complexity. These particular features make value-based leadership especially well-suited to the church professions.&#13;
&#13;
Part of the work on a new national church law includes addressing central questions about how the Church of Norway, with its extensive range of services and activities, should be led and organized. This book contributes to a broader base of knowledge about administration and the role of the church professions in this complex.&#13;
&#13;
Profession and Leadership in the Church of Norway will be of interest to researchers in professional studies and in organization and management, as well as practitioners: employees, church leaders and advisory council members. Thematically, the book is also relevant for students in educational programs that lead to church employment.&#13;
&#13;
Stephen Sirris (PhD) is a professor and leader of the Centre for Values-Based Leadership and Innovation at VID Specialized University’s Faculty of Theology, Diaconia and Leadership Studies.</marc:subfield></marc:datafield><marc:datafield tag="520" ind1=" " ind2=" "><marc:subfield code="a">Prester, diakoner, kateketer og kantorer er profesjonsutøvere som møter folk i gudstjenester, kirkelige handlinger og aktiviteter i menighetene. De ivaretar et samfunnsoppdrag, har innflytelse over kirkens praksiser, preger menighetslivet og utformer tjenestene. Hva kjennetegner kirkeprofesjonene? Hva slags innsikt bør profesjonsutøverne ha om hverandres identitet og faglighet for å samarbeide og delta i et tverrfaglig samspill? Og hvordan kan profesjonene best mulig ledes i praksis?&#13;
&#13;
Profesjon og ledelse i Den norske kirke: Organisering av arbeid i en kirke i endring gir profesjonssosiologiske og ledelsesfaglige innsikter i allmenne og kontekstuelle fenomener ved kirkeprofesjonene. Sammenhenger mellom profesjoner, ledelse og organisering i Den norske kirke analyseres i lys av empiriske studier og et institusjonelt teoretisk rammeverk.&#13;
&#13;
Forfatteren drøfter hvordan profesjonene utgjør en hensiktsmessig måte å organisere arbeid på. Et sentralt funn i boken er at kirkens profesjoner kjennetegnes ved kall, autonomi og kompleksitet. Disse særtrekkene bidrar til at verdibasert ledelse er særlig velegnet overfor profesjonene.&#13;
&#13;
I arbeidet med ny kirkeordning inngår sentrale spørsmål om hvordan Den norske kirke med sin mangfoldige virksomhet skal ledes og organiseres. Denne boken bidrar til et større kunnskapsgrunnlag om fagledelse og profesjonenes rolle i dette komplekset.&#13;
&#13;
Profesjon og ledelse i Den norske kirke er aktuell for forskere i profesjonsstudier og organisasjons- og ledelsesfaglig samt praktikere; ansatte, kirkeledere og rådsmedlemmer. Tematisk er boken også relevant for studenter ved utdanninger som fører til kirkelig stilling.&#13;
&#13;
Stephen Sirris (PhD) er professor og leder ved Senter for verdibasert ledelse og innovasjon ved Fakultet for teologi, diakoni og ledelsesfag, VID vitenskapelige høgskole.</marc:subfield></marc:datafield><marc:datafield tag="540" ind1=" " ind2=" "><marc:subfield code="a">Creative Commons</marc:subfield><marc:subfield code="f">https://creativecommons.org/licenses/by-nc-nd/4.0/</marc:subfield><marc:subfield code="2">cc</marc:subfield><marc:subfield code="4">https://creativecommons.org/licenses/by-nc-nd/4.0/</marc:subfield></marc:datafield><marc:datafield tag="546" ind1=" " ind2=" "><marc:subfield code="a">Norwegian</marc:subfield></marc:datafield><marc:datafield tag="650" ind1=" " ind2="7"><marc:subfield code="a">Christian institutions &amp; organizations</marc:subfield><marc:subfield code="2">bicssc</marc:subfield></marc:datafield><marc:datafield tag="650" ind1=" " ind2="7"><marc:subfield code="a">Management: leadership &amp; motivation</marc:subfield><marc:subfield code="2">bicssc</marc:subfield></marc:datafield><marc:datafield tag="650" ind1=" " ind2="7"><marc:subfield code="a">Organizational theory &amp; behaviour</marc:subfield><marc:subfield code="2">bicssc</marc:subfield></marc:datafield><marc:datafield tag="653" ind1=" " ind2=" "><marc:subfield code="a">profession, leadership, organizing, church, management, institutional theory, Profesjon, ledelse, organisering, kirke, fagledelse, institusjonell teori</marc:subfield></marc:datafield><marc:datafield tag="856" ind1="4" ind2="0"><marc:subfield code="a">www.oapen.org</marc:subfield><marc:subfield code="u">https://library.oapen.org/bitstream/id/ea82189a-d0da-4052-8650-6ae356df942e/Profesjon_Dnk.pdf</marc:subfield><marc:subfield code="7">0</marc:subfield><marc:subfield code="z">OAPEN Library: download the publication</marc:subfield></marc:datafield><marc:datafield tag="856" ind1="4" ind2="0"><marc:subfield code="a">www.oapen.org</marc:subfield><marc:subfield code="u">https://library.oapen.org/handle/20.500.12657/52640</marc:subfield><marc:subfield code="7">0</marc:subfield><marc:subfield code="z">OAPEN Library: description of the publication</marc:subfield></marc:datafield></marc:record>