

<marc:record><marc:leader>     naaaa       uu     </marc:leader><marc:controlfield tag="001">https://library.oapen.org/handle/20.500.12657/41202</marc:controlfield><marc:controlfield tag="005">20200804</marc:controlfield><marc:controlfield tag="003">oapen</marc:controlfield><marc:controlfield tag="006">m     o  d        </marc:controlfield><marc:controlfield tag="007">cr|mn|---annan</marc:controlfield><marc:controlfield tag="008">20200804s2020    xx |||||o     ||| 0|nor d</marc:controlfield><marc:datafield tag="020" ind1=" " ind2=" "><marc:subfield code="a">noasp.100</marc:subfield></marc:datafield><marc:datafield tag="020" ind1=" " ind2=" "><marc:subfield code="a">9788202681081</marc:subfield></marc:datafield><marc:datafield tag="020" ind1=" " ind2=" "><marc:subfield code="a">9788202681050</marc:subfield></marc:datafield><marc:datafield tag="020" ind1=" " ind2=" "><marc:subfield code="a">9788202681067</marc:subfield></marc:datafield><marc:datafield tag="020" ind1=" " ind2=" "><marc:subfield code="a">9788202681074</marc:subfield></marc:datafield><marc:datafield tag="040" ind1=" " ind2=" "><marc:subfield code="a">oapen</marc:subfield><marc:subfield code="c">oapen</marc:subfield></marc:datafield><marc:datafield tag="024" ind1="7" ind2=" "><marc:subfield code="a">10.23865/noasp.100</marc:subfield><marc:subfield code="c">doi</marc:subfield></marc:datafield><marc:datafield tag="041" ind1="0" ind2=" "><marc:subfield code="a">nor</marc:subfield></marc:datafield><marc:datafield tag="042" ind1=" " ind2=" "><marc:subfield code="a">dc</marc:subfield></marc:datafield><marc:datafield tag="072" ind1=" " ind2="7"><marc:subfield code="a">HRAM</marc:subfield><marc:subfield code="2">bicssc</marc:subfield></marc:datafield><marc:datafield tag="100" ind1="1" ind2=" "><marc:subfield code="a">Lid, Inger Marie</marc:subfield><marc:subfield code="4">edt</marc:subfield></marc:datafield><marc:datafield tag="700" ind1="1" ind2=" "><marc:subfield code="a">Solevåg, Anna Rebecca</marc:subfield><marc:subfield code="4">edt</marc:subfield></marc:datafield><marc:datafield tag="700" ind1="1" ind2=" "><marc:subfield code="a">Lid, Inger Marie</marc:subfield><marc:subfield code="4">oth</marc:subfield></marc:datafield><marc:datafield tag="700" ind1="1" ind2=" "><marc:subfield code="a">Solevåg, Anna Rebecca</marc:subfield><marc:subfield code="4">oth</marc:subfield></marc:datafield><marc:datafield tag="245" ind1="1" ind2="0"><marc:subfield code="a">Religiøst medborgerskap</marc:subfield><marc:subfield code="b">Funksjonshemming, likeverd og menneskesyn</marc:subfield></marc:datafield><marc:datafield tag="260" ind1=" " ind2=" "><marc:subfield code="a">Oslo</marc:subfield><marc:subfield code="b">Cappelen Damm Akademisk/NOASP (Nordic Open Access Scholarly Publishing)</marc:subfield><marc:subfield code="c">2020</marc:subfield></marc:datafield><marc:datafield tag="300" ind1=" " ind2=" "><marc:subfield code="a">1 electronic resource (291 p.)</marc:subfield></marc:datafield><marc:datafield tag="336" ind1=" " ind2=" "><marc:subfield code="a">text</marc:subfield><marc:subfield code="b">txt</marc:subfield><marc:subfield code="2">rdacontent</marc:subfield></marc:datafield><marc:datafield tag="337" ind1=" " ind2=" "><marc:subfield code="a">computer</marc:subfield><marc:subfield code="b">c</marc:subfield><marc:subfield code="2">rdamedia</marc:subfield></marc:datafield><marc:datafield tag="338" ind1=" " ind2=" "><marc:subfield code="a">online resource</marc:subfield><marc:subfield code="b">cr</marc:subfield><marc:subfield code="2">rdacarrier</marc:subfield></marc:datafield><marc:datafield tag="506" ind1="0" ind2=" "><marc:subfield code="a">Open Access</marc:subfield><marc:subfield code="2">star</marc:subfield><marc:subfield code="f">Unrestricted online access</marc:subfield></marc:datafield><marc:datafield tag="520" ind1=" " ind2=" "><marc:subfield code="a">"This anthology examines and elucidates how variation in ability (physical and cognitive) as a human condition impacts participation in religious communities and theology and diakonia as professional disciplines. Functional impairment and disability are meaningful human experiences that are important to explore critically and constructively, in a Norwegian context as well.&#13;
&#13;
Fellowship – that everyone is entitled to equal conditions and opportunities for participation in a society – is also relevant in the context of religion, theology and diakonia. Religious fellowship comprises among other things the possibility of being able to choose religious participation and to be religiously active, for example through degrees of association and social participation, employment and volunteer work. Many people have experienced exclusion from participation in religious practices and communities due to specific attitudes or physical barriers. This anthology presents new research on a variety of topics relating to religious fellowship with a focus on equality, human rights and views of humanity. The contributors are from varying fields, including social welfare, public health, social science, literary studies, diakonia, theology and religious studies."</marc:subfield></marc:datafield><marc:datafield tag="520" ind1=" " ind2=" "><marc:subfield code="a">"Denne antologien belyser og drøfter hva variasjoner i funksjonsevne som menneskelig vilkår betyr for deltakelse i religiøse fellesskap og for teologi og diakoni som fagområder. Funksjonsnedsettelse og funksjonshemning er meningsfulle menneskelige erfaringer som det er viktig å tenke kritisk og konstruktivt gjennom, også i en norsk kontekst.&#13;
&#13;
Medborgerskap – det at alle borgere skal ha like vilkår og muligheter for deltakelse i et samfunn – er også relevant for religion, teologi og diakoni. Religiøst medborgerskap innbefatter blant annet muligheten til å kunne velge religiøs deltakelse og til å være religiøst aktiv, for eksempel gjennom grader av tilknytning og sosial deltakelse, yrkesutøvelse og frivillig arbeid. Mange mennesker har opplevd å bli ekskludert fra å kunne delta i religiøse praksiser og fellesskap nettopp på grunn av holdninger eller fysiske barrierer. I antologien presenteres ny forskning på ulike temaer knyttet til religiøst medborgerskap, der likestilling, menneskerettigheter og menneskesyn er i fokus. Bidragsyterne kommer fra ulike fagfelt – blant annet vernepleie, folkehelse, medborgerskapsstudier, litteraturvitenskap, diakoni, teologi og religionsvitenskap."</marc:subfield></marc:datafield><marc:datafield tag="540" ind1=" " ind2=" "><marc:subfield code="a">Creative Commons</marc:subfield><marc:subfield code="f">https://creativecommons.org/licenses/by-nc-nd/4.0/</marc:subfield><marc:subfield code="2">cc</marc:subfield><marc:subfield code="4">https://creativecommons.org/licenses/by-nc-nd/4.0/</marc:subfield></marc:datafield><marc:datafield tag="546" ind1=" " ind2=" "><marc:subfield code="a">Norwegian</marc:subfield></marc:datafield><marc:datafield tag="650" ind1=" " ind2="7"><marc:subfield code="a">Religious issues &amp; debates</marc:subfield><marc:subfield code="2">bicssc</marc:subfield></marc:datafield><marc:datafield tag="653" ind1=" " ind2=" "><marc:subfield code="a">religious participation</marc:subfield></marc:datafield><marc:datafield tag="653" ind1=" " ind2=" "><marc:subfield code="a">disability</marc:subfield></marc:datafield><marc:datafield tag="653" ind1=" " ind2=" "><marc:subfield code="a">religious communities</marc:subfield></marc:datafield><marc:datafield tag="653" ind1=" " ind2=" "><marc:subfield code="a">equality</marc:subfield></marc:datafield><marc:datafield tag="653" ind1=" " ind2=" "><marc:subfield code="a">medborgerskap</marc:subfield></marc:datafield><marc:datafield tag="653" ind1=" " ind2=" "><marc:subfield code="a">funksjonsevne</marc:subfield></marc:datafield><marc:datafield tag="653" ind1=" " ind2=" "><marc:subfield code="a">likeverd</marc:subfield></marc:datafield><marc:datafield tag="653" ind1=" " ind2=" "><marc:subfield code="a">menneskesyn</marc:subfield></marc:datafield><marc:datafield tag="653" ind1=" " ind2=" "><marc:subfield code="a">religion</marc:subfield></marc:datafield><marc:datafield tag="856" ind1="4" ind2="0"><marc:subfield code="a">www.oapen.org</marc:subfield><marc:subfield code="u">https://library.oapen.org/bitstream/id/b26973bf-348c-4c11-b787-1981bde663d6/Medborgerskap_PDF.pdf</marc:subfield><marc:subfield code="7">0</marc:subfield><marc:subfield code="z">OAPEN Library: download the publication</marc:subfield></marc:datafield><marc:datafield tag="856" ind1="4" ind2="0"><marc:subfield code="a">www.oapen.org</marc:subfield><marc:subfield code="u">https://library.oapen.org/handle/20.500.12657/41202</marc:subfield><marc:subfield code="7">0</marc:subfield><marc:subfield code="z">OAPEN Library: description of the publication</marc:subfield></marc:datafield></marc:record>