

<marc:record><marc:leader>     naaaa       uu     </marc:leader><marc:controlfield tag="001">https://library.oapen.org/handle/20.500.12657/42476</marc:controlfield><marc:controlfield tag="005">20201007</marc:controlfield><marc:controlfield tag="003">oapen</marc:controlfield><marc:controlfield tag="006">m     o  d        </marc:controlfield><marc:controlfield tag="007">cr|mn|---annan</marc:controlfield><marc:controlfield tag="008">20201007s2020    xx |||||o     ||| 0|nor d</marc:controlfield><marc:datafield tag="020" ind1=" " ind2=" "><marc:subfield code="a">noasp.102</marc:subfield></marc:datafield><marc:datafield tag="040" ind1=" " ind2=" "><marc:subfield code="a">oapen</marc:subfield><marc:subfield code="c">oapen</marc:subfield></marc:datafield><marc:datafield tag="024" ind1="7" ind2=" "><marc:subfield code="a">10.23865/noasp.102</marc:subfield><marc:subfield code="c">doi</marc:subfield></marc:datafield><marc:datafield tag="041" ind1="0" ind2=" "><marc:subfield code="a">nor</marc:subfield></marc:datafield><marc:datafield tag="042" ind1=" " ind2=" "><marc:subfield code="a">dc</marc:subfield></marc:datafield><marc:datafield tag="072" ind1=" " ind2="7"><marc:subfield code="a">HRA</marc:subfield><marc:subfield code="2">bicssc</marc:subfield></marc:datafield><marc:datafield tag="100" ind1="1" ind2=" "><marc:subfield code="a">Hagesæther, Gunhild</marc:subfield><marc:subfield code="4">edt</marc:subfield></marc:datafield><marc:datafield tag="700" ind1="1" ind2=" "><marc:subfield code="a">Innerdal, Gunnar</marc:subfield><marc:subfield code="4">edt</marc:subfield></marc:datafield><marc:datafield tag="700" ind1="1" ind2=" "><marc:subfield code="a">Kvam, Bjarne</marc:subfield><marc:subfield code="4">edt</marc:subfield></marc:datafield><marc:datafield tag="700" ind1="1" ind2=" "><marc:subfield code="a">Hagesæther, Gunhild</marc:subfield><marc:subfield code="4">oth</marc:subfield></marc:datafield><marc:datafield tag="700" ind1="1" ind2=" "><marc:subfield code="a">Innerdal, Gunnar</marc:subfield><marc:subfield code="4">oth</marc:subfield></marc:datafield><marc:datafield tag="700" ind1="1" ind2=" "><marc:subfield code="a">Kvam, Bjarne</marc:subfield><marc:subfield code="4">oth</marc:subfield></marc:datafield><marc:datafield tag="245" ind1="1" ind2="0"><marc:subfield code="a">NLA Høgskolen</marc:subfield><marc:subfield code="b">Fagutvikling og sjølvforståing på kristen grunn</marc:subfield></marc:datafield><marc:datafield tag="260" ind1=" " ind2=" "><marc:subfield code="a">Oslo</marc:subfield><marc:subfield code="b">Cappelen Damm Akademisk/NOASP (Nordic Open Access Scholarly Publishing)</marc:subfield><marc:subfield code="c">2020</marc:subfield></marc:datafield><marc:datafield tag="300" ind1=" " ind2=" "><marc:subfield code="a">1 electronic resource (358 p.)</marc:subfield></marc:datafield><marc:datafield tag="336" ind1=" " ind2=" "><marc:subfield code="a">text</marc:subfield><marc:subfield code="b">txt</marc:subfield><marc:subfield code="2">rdacontent</marc:subfield></marc:datafield><marc:datafield tag="337" ind1=" " ind2=" "><marc:subfield code="a">computer</marc:subfield><marc:subfield code="b">c</marc:subfield><marc:subfield code="2">rdamedia</marc:subfield></marc:datafield><marc:datafield tag="338" ind1=" " ind2=" "><marc:subfield code="a">online resource</marc:subfield><marc:subfield code="b">cr</marc:subfield><marc:subfield code="2">rdacarrier</marc:subfield></marc:datafield><marc:datafield tag="506" ind1="0" ind2=" "><marc:subfield code="a">Open Access</marc:subfield><marc:subfield code="2">star</marc:subfield><marc:subfield code="f">Unrestricted online access</marc:subfield></marc:datafield><marc:datafield tag="520" ind1=" " ind2=" "><marc:subfield code="a">NLA University College celebrated their 50-year jubilee in the 2018. As a part of the occation they hosted a seminar which in turn produced many of the contributions in this antology. This book seeks to discuss the place of the institution, a private, christian college, in the Norwegian higher education structure.</marc:subfield></marc:datafield><marc:datafield tag="520" ind1=" " ind2=" "><marc:subfield code="a">"NLA Høgskolen feira 50 årsjubileum i 2018. I jubileumshelga vart det halde fleire fagseminar. Fleire av innlegga frå seminara er i ettertid arbeidd ut som artiklar som blir publiserte i denne antologien. I tillegg er vitskapleg tilsette frå ulike avdelingar utfordra til å skriva. Boka er såleis vorten ein antologi som gjennom 12 artiklar vil syna forsking og fagleg engasjement ved NLA Høgskolen.&#13;
&#13;
I samband med jubileet ønskjer vi å visa høgskulen sin plass i sektoren i dag og korleis ein kristen høgskule si sjølvforståing kjem til uttrykk i faglege problemstillingar og forsking i ei rekke av fagområda ved institusjonen. Samstundes vil kvar artikkel gje ny innsikt innan sitt område.&#13;
&#13;
Private høgskular er ein del av høgre utdanning, og all slik utdanning har felles lovverk og forvaltning. Vi lar ein artikkel som plasserer NLA Høgskolen i universitets- og høgskolestrukturen danna ei ramme for heilskapen i antologien.&#13;
&#13;
Kyrkjefag Profil er ein serie frå Institutt for religion, livssyn og kyrkjefag ved&#13;
Høgskulen i Volda. Boka er nr. 35 i serien.&#13;
&#13;
Trua gjer noko med oss. Ho kan gjere oss konservative eller radikale, liberale eller intolerante, undrande eller skråsikre. Alt dette finn ein på Vestlandet. Slik vert det fordi trua ikkje er åleine om å forme livet. Vi lever i ein kontekst, ein samanheng. For vestlendingen er konteksten sett saman av alt frå stormande hav og snødekte fjell til eit talemål som aldri let seg påverke særleg mykje av det som kom frå hovudstaden.&#13;
&#13;
Denne boka formidlar ny forståing av levande religiøse tradisjonar i møte med store kulturelle endringar. Særdrag ved nyare vestnorsk historie vert studert i samanheng med den nasjonale utviklinga. Kva gjer auka individualisering, demokratisering og pluralisering med oss?"</marc:subfield></marc:datafield><marc:datafield tag="540" ind1=" " ind2=" "><marc:subfield code="a">Creative Commons</marc:subfield><marc:subfield code="f">https://creativecommons.org/licenses/by-nc-nd/4.0/</marc:subfield><marc:subfield code="2">cc</marc:subfield><marc:subfield code="4">https://creativecommons.org/licenses/by-nc-nd/4.0/</marc:subfield></marc:datafield><marc:datafield tag="546" ind1=" " ind2=" "><marc:subfield code="a">Norwegian</marc:subfield></marc:datafield><marc:datafield tag="650" ind1=" " ind2="7"><marc:subfield code="a">Religion: general</marc:subfield><marc:subfield code="2">bicssc</marc:subfield></marc:datafield><marc:datafield tag="653" ind1=" " ind2=" "><marc:subfield code="a">NLA University College, jubilee, private colleges, Norway, NLA-Høgskolen, kristendom, private høgskuler, høgre utdanning</marc:subfield></marc:datafield><marc:datafield tag="856" ind1="4" ind2="0"><marc:subfield code="a">www.oapen.org</marc:subfield><marc:subfield code="u">https://library.oapen.org/bitstream/id/fa8d98c6-9b95-41b2-b241-d19d207726f1/NLA_PDF.pdf</marc:subfield><marc:subfield code="7">0</marc:subfield><marc:subfield code="z">OAPEN Library: download the publication</marc:subfield></marc:datafield><marc:datafield tag="856" ind1="4" ind2="0"><marc:subfield code="a">www.oapen.org</marc:subfield><marc:subfield code="u">https://library.oapen.org/handle/20.500.12657/42476</marc:subfield><marc:subfield code="7">0</marc:subfield><marc:subfield code="z">OAPEN Library: description of the publication</marc:subfield></marc:datafield></marc:record>