

<marc:record><marc:leader>     naaaa       uu     </marc:leader><marc:controlfield tag="001">https://library.oapen.org/handle/20.500.12657/52643</marc:controlfield><marc:controlfield tag="005">20220203</marc:controlfield><marc:controlfield tag="003">oapen</marc:controlfield><marc:controlfield tag="006">m     o  d        </marc:controlfield><marc:controlfield tag="007">cr|mn|---annan</marc:controlfield><marc:controlfield tag="008">20220203s2021    xx |||||o     ||| 0|deu d</marc:controlfield><marc:datafield tag="020" ind1=" " ind2=" "><marc:subfield code="a">978-3-402-21809-9</marc:subfield></marc:datafield><marc:datafield tag="020" ind1=" " ind2=" "><marc:subfield code="a">9783402218099</marc:subfield></marc:datafield><marc:datafield tag="040" ind1=" " ind2=" "><marc:subfield code="a">oapen</marc:subfield><marc:subfield code="c">oapen</marc:subfield></marc:datafield><marc:datafield tag="024" ind1="7" ind2=" "><marc:subfield code="a">10.17438/978-3-402-21809-9</marc:subfield><marc:subfield code="c">doi</marc:subfield></marc:datafield><marc:datafield tag="041" ind1="0" ind2=" "><marc:subfield code="a">deu</marc:subfield></marc:datafield><marc:datafield tag="042" ind1=" " ind2=" "><marc:subfield code="a">dc</marc:subfield></marc:datafield><marc:datafield tag="072" ind1=" " ind2="7"><marc:subfield code="a">HRCS</marc:subfield><marc:subfield code="2">bicssc</marc:subfield></marc:datafield><marc:datafield tag="100" ind1="1" ind2=" "><marc:subfield code="a">Betschart, Christof</marc:subfield><marc:subfield code="4">auth</marc:subfield></marc:datafield><marc:datafield tag="245" ind1="1" ind2="0"><marc:subfield code="a">Unwiederholbares Gottessiegel</marc:subfield><marc:subfield code="b">Personale Individualität nach Edith Stein</marc:subfield></marc:datafield><marc:datafield tag="260" ind1=" " ind2=" "><marc:subfield code="a">Münster</marc:subfield><marc:subfield code="b">Aschendorff Verlag</marc:subfield><marc:subfield code="c">2021</marc:subfield></marc:datafield><marc:datafield tag="300" ind1=" " ind2=" "><marc:subfield code="a">1 electronic resource (413 p.)</marc:subfield></marc:datafield><marc:datafield tag="336" ind1=" " ind2=" "><marc:subfield code="a">text</marc:subfield><marc:subfield code="b">txt</marc:subfield><marc:subfield code="2">rdacontent</marc:subfield></marc:datafield><marc:datafield tag="337" ind1=" " ind2=" "><marc:subfield code="a">computer</marc:subfield><marc:subfield code="b">c</marc:subfield><marc:subfield code="2">rdamedia</marc:subfield></marc:datafield><marc:datafield tag="338" ind1=" " ind2=" "><marc:subfield code="a">online resource</marc:subfield><marc:subfield code="b">cr</marc:subfield><marc:subfield code="2">rdacarrier</marc:subfield></marc:datafield><marc:datafield tag="490" ind1="1" ind2=" "><marc:subfield code="a">Studia Oecumenica Friburgensia</marc:subfield><marc:subfield code="v">58</marc:subfield></marc:datafield><marc:datafield tag="506" ind1="0" ind2=" "><marc:subfield code="a">Open Access</marc:subfield><marc:subfield code="2">star</marc:subfield><marc:subfield code="f">Unrestricted online access</marc:subfield></marc:datafield><marc:datafield tag="520" ind1=" " ind2=" "><marc:subfield code="a">The individuality of the human person is central to any anthropology. For Edith Stein, the individuality or uniqueness of the person lies not only in the person’s unrepeatable history, but refers also to a “personal note”, which is the prerequisite for all human unfolding and which manifests itself in authentic life. From a theological perspective, all human beings “bear in their souls the special and indelible seal of God”. This statement in Finite and Eternal Being leads Edith Stein to reflections related to the doctrine of imago Dei, to the theology of the Body of Christ and to Christian mysticism. In the present work, the author explores personal individuality from both a philosophical and a theological standpoint, at its point of inception in Stein’s thought, and exposes the genesis of her understanding of the essential individuality of each person. This second, revised edition includes an updated status quaestionis and bibliography referencing the relevant secondary literature recently published.</marc:subfield></marc:datafield><marc:datafield tag="520" ind1=" " ind2=" "><marc:subfield code="a">Die Frage nach der Individualität der menschlichen Person gehört zu den Schlüsselfragen jeder Anthropologie. Edith Stein versteht unter der Individualität oder Einzigartigkeit der Person nicht nur die Einmaligkeit ihrer Geschichte, sondern eine „persönliche Note“, die für jegliche Entfaltung Voraussetzung ist und sich in einem authentischen Leben bekundet. In theologischer Perspektive darf jeder Mensch sich rühmen, „unmittelbar ein Gotteskind zu sein und ein eigenes unwiederholbares Gottessiegel in seiner Seele zu tragen“. Diese Aussage in ihrem Hauptwerk Endliches und ewiges Sein führt Edith Stein zu Überlegungen im Bereich der imago Dei-Lehre, der Leib-Christi-Theologie und der christlichen Mystik. Der Autor verfolgt die Frage in philosophischer und theologischer Perspektive erstmals im ganzen Werk Edith Steins und zeigt dabei die Entwicklung ihres Verständnisses der wesentlichen Individualität jeder Person auf. Die zweite, ergänzte Auflage arbeitet die Sekundärliteratur zu dieser Thematik bis 2019 ein.</marc:subfield></marc:datafield><marc:datafield tag="540" ind1=" " ind2=" "><marc:subfield code="a">Creative Commons</marc:subfield><marc:subfield code="f">https://creativecommons.org/licenses/by-nc-nd/4.0/</marc:subfield><marc:subfield code="2">cc</marc:subfield><marc:subfield code="4">https://creativecommons.org/licenses/by-nc-nd/4.0/</marc:subfield></marc:datafield><marc:datafield tag="546" ind1=" " ind2=" "><marc:subfield code="a">German</marc:subfield></marc:datafield><marc:datafield tag="650" ind1=" " ind2="7"><marc:subfield code="a">Christian spirituality &amp; religious experience</marc:subfield><marc:subfield code="2">bicssc</marc:subfield></marc:datafield><marc:datafield tag="653" ind1=" " ind2=" "><marc:subfield code="a">Individuality; Childhood of God; Individualität; Gotteskindschaft; Edith Stein</marc:subfield></marc:datafield><marc:datafield tag="856" ind1="4" ind2="0"><marc:subfield code="a">www.oapen.org</marc:subfield><marc:subfield code="u">https://library.oapen.org/bitstream/id/db684e3b-dc1c-4f48-a477-b48c41aaab25/978-3-402-21809-9.pdf</marc:subfield><marc:subfield code="7">0</marc:subfield><marc:subfield code="z">OAPEN Library: download the publication</marc:subfield></marc:datafield><marc:datafield tag="856" ind1="4" ind2="0"><marc:subfield code="a">www.oapen.org</marc:subfield><marc:subfield code="u">https://library.oapen.org/handle/20.500.12657/52643</marc:subfield><marc:subfield code="7">0</marc:subfield><marc:subfield code="z">OAPEN Library: description of the publication</marc:subfield></marc:datafield></marc:record>