

<marc:record><marc:leader>     naaaa       uu     </marc:leader><marc:controlfield tag="001">https://library.oapen.org/handle/20.500.12657/50758</marc:controlfield><marc:controlfield tag="005">20211006</marc:controlfield><marc:controlfield tag="003">oapen</marc:controlfield><marc:controlfield tag="006">m     o  d        </marc:controlfield><marc:controlfield tag="007">cr|mn|---annan</marc:controlfield><marc:controlfield tag="008">20211006s2021    xx |||||o     ||| 0|fra d</marc:controlfield><marc:datafield tag="020" ind1=" " ind2=" "><marc:subfield code="a">heiup.630</marc:subfield></marc:datafield><marc:datafield tag="020" ind1=" " ind2=" "><marc:subfield code="a">9783968220048</marc:subfield></marc:datafield><marc:datafield tag="040" ind1=" " ind2=" "><marc:subfield code="a">oapen</marc:subfield><marc:subfield code="c">oapen</marc:subfield></marc:datafield><marc:datafield tag="024" ind1="7" ind2=" "><marc:subfield code="a">10.17885/heiup.630</marc:subfield><marc:subfield code="c">doi</marc:subfield></marc:datafield><marc:datafield tag="041" ind1="0" ind2=" "><marc:subfield code="a">fra</marc:subfield></marc:datafield><marc:datafield tag="042" ind1=" " ind2=" "><marc:subfield code="a">dc</marc:subfield></marc:datafield><marc:datafield tag="072" ind1=" " ind2="7"><marc:subfield code="a">HRCX8</marc:subfield><marc:subfield code="2">bicssc</marc:subfield></marc:datafield><marc:datafield tag="100" ind1="1" ind2=" "><marc:subfield code="a">Verdoot, Jérôme</marc:subfield><marc:subfield code="4">auth</marc:subfield></marc:datafield><marc:datafield tag="245" ind1="1" ind2="0"><marc:subfield code="a">Une clôture hermétique?</marc:subfield><marc:subfield code="b">Isolement régulier et intérêts séculiers au monastère Saint-Pierre de Lobbes, VIIe–XIVe siècle</marc:subfield></marc:datafield><marc:datafield tag="260" ind1=" " ind2=" "><marc:subfield code="b">Heidelberg University Publishing (heiUP)</marc:subfield><marc:subfield code="c">2021</marc:subfield></marc:datafield><marc:datafield tag="300" ind1=" " ind2=" "><marc:subfield code="a">1 electronic resource (328 p.)</marc:subfield></marc:datafield><marc:datafield tag="336" ind1=" " ind2=" "><marc:subfield code="a">text</marc:subfield><marc:subfield code="b">txt</marc:subfield><marc:subfield code="2">rdacontent</marc:subfield></marc:datafield><marc:datafield tag="337" ind1=" " ind2=" "><marc:subfield code="a">computer</marc:subfield><marc:subfield code="b">c</marc:subfield><marc:subfield code="2">rdamedia</marc:subfield></marc:datafield><marc:datafield tag="338" ind1=" " ind2=" "><marc:subfield code="a">online resource</marc:subfield><marc:subfield code="b">cr</marc:subfield><marc:subfield code="2">rdacarrier</marc:subfield></marc:datafield><marc:datafield tag="490" ind1="1" ind2=" "><marc:subfield code="a">Pariser Historische Schriften</marc:subfield><marc:subfield code="v">119</marc:subfield></marc:datafield><marc:datafield tag="506" ind1="0" ind2=" "><marc:subfield code="a">Open Access</marc:subfield><marc:subfield code="2">star</marc:subfield><marc:subfield code="f">Unrestricted online access</marc:subfield></marc:datafield><marc:datafield tag="520" ind1=" " ind2=" "><marc:subfield code="a">In the Middle Ages, the very existence of Benedictine monasteries was based on their proclaimed isolation from the world, a tenet diametrically opposed to their means of subsistence. Indeed, in order to extract goods from society (oblates, food, protection…), abbeys had to provide tangible goods and services in exchange (political support, hospitality…); monasteries were deeply integrated into medieval society while claiming to be isolated from it. This paradox of monastic life is often referred to in the Ordenforschungen or study of the monastic orders, but it is rarely used when it comes to studying specific institutions. This book aims to test the validity of this theoretical framework against the reality as lived by the monks of the Abbey of St Peter of Lobbes (Hainault, Belgium), from its founding until the turn of the 14th and 15th centuries. In particular, it analyses the interactions between the abbey and its political and economic environment.</marc:subfield></marc:datafield><marc:datafield tag="520" ind1=" " ind2=" "><marc:subfield code="a">Im Mittelalter rechtfertigten die Benediktinerabteien ihre Existenz durch ihre Isolation von der Welt. Um zu überleben, mussten die Abteien der umgebenden Bevölkerung Waren oder Dienstleistungen abgewinnen (Oblaten, Nahrung, Schutz...) und dafür andere zur Verfügung stellen (politische Unterstützung, Gastfreundschaft...). Mittelalterliche Klöster waren daher tief in die Gesellschaft integriert, auch wenn sie vorgaben, von der Gesellschaft isoliert zu sein. Dieses Paradoxon des klösterlichen Lebens wird in den Ordensforschungen häufig erwähnt, viel seltener jedoch in den Arbeiten zu einzelnen Ordenseinrichtungen. Ziel dieses Buches ist es, diesen theoretischen Rahmen mit der Realität zu konfrontieren, in der die Mönche der Abtei Saint-Pierre in Lobbes (Hennegau, Belgien) seit der Gründung dieses Klosters (7. Jh.) bis zum Ende des 14. Jahrhunderts gelebt haben. Konkret werden die Wechselwirkungen zwischen der Abtei und ihrem politischen und wirtschaftlichen Umfeld analysiert.</marc:subfield></marc:datafield><marc:datafield tag="520" ind1=" " ind2=" "><marc:subfield code="a">Au Moyen Âge, les abbayes bénédictines justifiaient leur existence par leur isolement, prétention affirmée à travers, notamment, le topos du locus desertus montrant des saints fondateurs d’abbayes s’installer loin de toute civilisation. Or, pour subsister, les abbayes devaient retirer des biens ou des services de la société englobante (oblats, nourriture, protection…) et, en échange, en fournir d’autres (soutien politique, hospitalité…). Les monastères médiévaux étaient donc profondément intégrés dans la société tout en prétendant en être isolés. Ce paradoxe de la vie monastique est souvent utilisé dans les Ordensforschungen, bien plus rarement pour l’étude d’institutions spécifiques. Le présent ouvrage a pour objectif de confronter ce cadre théorique à la réalité vécue par les moines de l’abbaye Saint-Pierre de Lobbes (Hainaut, Belgique), du viie siècle, date de sa fondation, jusqu’à la fin du xive.</marc:subfield></marc:datafield><marc:datafield tag="540" ind1=" " ind2=" "><marc:subfield code="a">Creative Commons</marc:subfield><marc:subfield code="f">https://creativecommons.org/licenses/by-sa/4.0/</marc:subfield><marc:subfield code="2">cc</marc:subfield><marc:subfield code="4">https://creativecommons.org/licenses/by-sa/4.0/</marc:subfield></marc:datafield><marc:datafield tag="546" ind1=" " ind2=" "><marc:subfield code="a">French</marc:subfield></marc:datafield><marc:datafield tag="650" ind1=" " ind2="7"><marc:subfield code="a">Christian communities &amp; monasticism</marc:subfield><marc:subfield code="2">bicssc</marc:subfield></marc:datafield><marc:datafield tag="653" ind1=" " ind2=" "><marc:subfield code="a">Lobbes, Middle Ages, Monastery, Abbeys, Benedictines, Monasticism, Lobbes, Mittelalter, Kloster, Abteien, Benediktiner, Mönchswesen</marc:subfield></marc:datafield><marc:datafield tag="856" ind1="4" ind2="0"><marc:subfield code="a">www.oapen.org</marc:subfield><marc:subfield code="u">https://library.oapen.org/bitstream/id/5108a5c3-130e-4886-beec-82e8100474e7/heiUP_OAPEN_Verdoot_book.pdf</marc:subfield><marc:subfield code="7">0</marc:subfield><marc:subfield code="z">OAPEN Library: download the publication</marc:subfield></marc:datafield><marc:datafield tag="856" ind1="4" ind2="0"><marc:subfield code="a">www.oapen.org</marc:subfield><marc:subfield code="u">https://library.oapen.org/handle/20.500.12657/50758</marc:subfield><marc:subfield code="7">0</marc:subfield><marc:subfield code="z">OAPEN Library: description of the publication</marc:subfield></marc:datafield></marc:record>