

<marc:record><marc:leader>     naaaa       uu     </marc:leader><marc:controlfield tag="001">https://library.oapen.org/handle/20.500.12657/58895</marc:controlfield><marc:controlfield tag="005">20221018</marc:controlfield><marc:controlfield tag="003">oapen</marc:controlfield><marc:controlfield tag="006">m     o  d        </marc:controlfield><marc:controlfield tag="007">cr|mn|---annan</marc:controlfield><marc:controlfield tag="008">20221018s2022    xx |||||o     ||| 0|nor d</marc:controlfield><marc:datafield tag="020" ind1=" " ind2=" "><marc:subfield code="a">noasp.170</marc:subfield></marc:datafield><marc:datafield tag="020" ind1=" " ind2=" "><marc:subfield code="a">9788202773304</marc:subfield></marc:datafield><marc:datafield tag="020" ind1=" " ind2=" "><marc:subfield code="a">9788202772888</marc:subfield></marc:datafield><marc:datafield tag="020" ind1=" " ind2=" "><marc:subfield code="a">9788202772895</marc:subfield></marc:datafield><marc:datafield tag="020" ind1=" " ind2=" "><marc:subfield code="a">9788202772901</marc:subfield></marc:datafield><marc:datafield tag="040" ind1=" " ind2=" "><marc:subfield code="a">oapen</marc:subfield><marc:subfield code="c">oapen</marc:subfield></marc:datafield><marc:datafield tag="024" ind1="7" ind2=" "><marc:subfield code="a">10.23865/noasp.170</marc:subfield><marc:subfield code="c">doi</marc:subfield></marc:datafield><marc:datafield tag="041" ind1="0" ind2=" "><marc:subfield code="a">nor</marc:subfield></marc:datafield><marc:datafield tag="042" ind1=" " ind2=" "><marc:subfield code="a">dc</marc:subfield></marc:datafield><marc:datafield tag="072" ind1=" " ind2="7"><marc:subfield code="a">HRLB</marc:subfield><marc:subfield code="2">bicssc</marc:subfield></marc:datafield><marc:datafield tag="100" ind1="1" ind2=" "><marc:subfield code="a">Granerød, Gard</marc:subfield><marc:subfield code="4">auth</marc:subfield></marc:datafield><marc:datafield tag="245" ind1="1" ind2="0"><marc:subfield code="a">Klagens ABC</marc:subfield><marc:subfield code="b">Boken Klagesangene i dens samtid og ettertid</marc:subfield></marc:datafield><marc:datafield tag="260" ind1=" " ind2=" "><marc:subfield code="a">Oslo</marc:subfield><marc:subfield code="b">Cappelen Damm Akademisk/NOASP (Nordic Open Access Scholarly Publishing)</marc:subfield><marc:subfield code="c">2022</marc:subfield></marc:datafield><marc:datafield tag="300" ind1=" " ind2=" "><marc:subfield code="a">1 electronic resource (315 p.)</marc:subfield></marc:datafield><marc:datafield tag="336" ind1=" " ind2=" "><marc:subfield code="a">text</marc:subfield><marc:subfield code="b">txt</marc:subfield><marc:subfield code="2">rdacontent</marc:subfield></marc:datafield><marc:datafield tag="337" ind1=" " ind2=" "><marc:subfield code="a">computer</marc:subfield><marc:subfield code="b">c</marc:subfield><marc:subfield code="2">rdamedia</marc:subfield></marc:datafield><marc:datafield tag="338" ind1=" " ind2=" "><marc:subfield code="a">online resource</marc:subfield><marc:subfield code="b">cr</marc:subfield><marc:subfield code="2">rdacarrier</marc:subfield></marc:datafield><marc:datafield tag="506" ind1="0" ind2=" "><marc:subfield code="a">Open Access</marc:subfield><marc:subfield code="2">star</marc:subfield><marc:subfield code="f">Unrestricted online access</marc:subfield></marc:datafield><marc:datafield tag="520" ind1=" " ind2=" "><marc:subfield code="a">The ABCs of Complaint: The Book of Lamentations Through the Ages analyzes the biblical Book of Lamentations. Central to the book are the questions: How can we translate the Hebrew text while at the same time taking into consideration the poetic devices of the source text and insights from recent research into biblical Hebrew grammar? What are the literary forms and content of the poems? How have readers read, understood and used Lamentations over the course of its reception history?&#13;
&#13;
The author examines Lamentations’ literary form, its religion-historical, theological and historical content, and its contexts. In addition, selected stations along Lamentations’ nomadic journey through reception history are explored. The book combines historical-critical, literary and form-critical methods. The five poems of Lamentations are analyzed according to the categories orientation (being at equilibrium), disorientation (a state of being out of balance), and reorientation (a state of existence where equilibrium has been restored), inspired by Walter Brueggemann’s typology of psalms. Based on a meticulous philological analysis of the Hebrew text, the author presents a new, transparent Norwegian translation. A distinctive feature of this translation is that it, in several instances, interprets the Hebrew perfect (qatal) as a so-called precative perfect (“perfect of prayer”).&#13;
&#13;
The ABCs of Complaint is relevant for students of theology and religion, researchers, church employees, lay people, and all who are interested in Biblical lament literature and images of God from a historical perspective on theology and religion.</marc:subfield></marc:datafield><marc:datafield tag="520" ind1=" " ind2=" "><marc:subfield code="a">Klagens ABC: Boken Klagesangene i dens samtid og ettertid analyserer den bibelske boken Klagesangene. Sentralt står spørsmålene: Hvordan kan vi oversette den hebraiske teksten og samtidig ta hensyn til grunntekstens poetiske virkemidler og innsikter fra nyere forskning på bibelhebraisk grammatikk? Hva er diktenes litterære form og innhold? Hvordan har lesere lest, forstått og brukt Klagesangene gjennom dens resepsjonshistorie?&#13;
&#13;
Forfatteren drøfter Klagesangenes litterære form, dens religionshistoriske, teologiske og historiske innhold og dens kontekster. I tillegg drøftes utvalgte stasjoner langs Klagesangenes nomadiske vandring gjennom resepsjonshistorien. Boken kombinerer historisk-kritiske, litterære og formkritiske metoder. De fem diktene i Klagesangene analyseres ut fra kategoriene orientering (en tilværelse i likevekt), desorientering (en virkelighet ute av balanse) og nyorientering (en tilværelse hvor likevekten er gjenopprettet), inspirert av Walter Brueggemanns salmetypologi. På grunnlag av en nitid filologisk analyse av den hebraiske teksten presenterer forfatteren en ny, transparent norsk oversettelse. Et kjennetegn ved oversettelsen er at den i flere tilfeller forstår hebraisk perfektum (qatal) som en såkalt prekativ perfektum («bønneperfektum»).&#13;
&#13;
Klagens ABC henvender seg til teologi- og religionsstudenter, forskere, kirkelige medarbeidere, legfolk og alle som interesserer seg for Bibelens klagelitteratur og gudsbilder i et teologisk og religionshistorisk perspektiv.</marc:subfield></marc:datafield><marc:datafield tag="540" ind1=" " ind2=" "><marc:subfield code="a">Creative Commons</marc:subfield><marc:subfield code="f">https://creativecommons.org/licenses/by/4.0/</marc:subfield><marc:subfield code="2">cc</marc:subfield><marc:subfield code="4">https://creativecommons.org/licenses/by/4.0/</marc:subfield></marc:datafield><marc:datafield tag="546" ind1=" " ind2=" "><marc:subfield code="a">Norwegian</marc:subfield></marc:datafield><marc:datafield tag="650" ind1=" " ind2="7"><marc:subfield code="a">Theology</marc:subfield><marc:subfield code="2">bicssc</marc:subfield></marc:datafield><marc:datafield tag="653" ind1=" " ind2=" "><marc:subfield code="a">Complaint literature in the Bible, poetry in the Bible, the Babylonians’ destruction of Jerusalem/Zion and The First Temple, Judah’s Babylonian crisis, historical-critical interpretation of the Bible, Lamentations’ reception history, klagelitteratur i Bibelen, poesi i Bibelen, babylonernes ødeleggelse av Jerusalem/Sion og Det første tempelet, Judas babylonske krise, historisk-kritisk bibeltolkning, Klagesangenes resepsjonshistorie</marc:subfield></marc:datafield><marc:datafield tag="856" ind1="4" ind2="0"><marc:subfield code="a">www.oapen.org</marc:subfield><marc:subfield code="u">https://library.oapen.org/bitstream/id/c22b71e1-e8a1-4409-96fb-eac2e7652bf4/Klagens_ABC_PDF.pdf</marc:subfield><marc:subfield code="7">0</marc:subfield><marc:subfield code="z">OAPEN Library: download the publication</marc:subfield></marc:datafield><marc:datafield tag="856" ind1="4" ind2="0"><marc:subfield code="a">www.oapen.org</marc:subfield><marc:subfield code="u">https://library.oapen.org/handle/20.500.12657/58895</marc:subfield><marc:subfield code="7">0</marc:subfield><marc:subfield code="z">OAPEN Library: description of the publication</marc:subfield></marc:datafield></marc:record>