

<marc:record><marc:leader>     naaaa       uu     </marc:leader><marc:controlfield tag="001">https://library.oapen.org/handle/20.500.12657/75312</marc:controlfield><marc:controlfield tag="005">20230808</marc:controlfield><marc:controlfield tag="003">oapen</marc:controlfield><marc:controlfield tag="006">m     o  d        </marc:controlfield><marc:controlfield tag="007">cr|mn|---annan</marc:controlfield><marc:controlfield tag="008">20230808s2022    xx |||||o     ||| 0|deu d</marc:controlfield><marc:datafield tag="020" ind1=" " ind2=" "><marc:subfield code="a">9783110760828</marc:subfield></marc:datafield><marc:datafield tag="020" ind1=" " ind2=" "><marc:subfield code="a">9783110760569</marc:subfield></marc:datafield><marc:datafield tag="020" ind1=" " ind2=" "><marc:subfield code="a">9783110761238</marc:subfield></marc:datafield><marc:datafield tag="040" ind1=" " ind2=" "><marc:subfield code="a">oapen</marc:subfield><marc:subfield code="c">oapen</marc:subfield></marc:datafield><marc:datafield tag="024" ind1="7" ind2=" "><marc:subfield code="a">10.1515/9783110760828</marc:subfield><marc:subfield code="c">doi</marc:subfield></marc:datafield><marc:datafield tag="041" ind1="0" ind2=" "><marc:subfield code="a">deu</marc:subfield></marc:datafield><marc:datafield tag="042" ind1=" " ind2=" "><marc:subfield code="a">dc</marc:subfield></marc:datafield><marc:datafield tag="072" ind1=" " ind2="7"><marc:subfield code="a">HRC</marc:subfield><marc:subfield code="2">bicssc</marc:subfield></marc:datafield><marc:datafield tag="100" ind1="1" ind2=" "><marc:subfield code="a">Revellio, Marie</marc:subfield><marc:subfield code="4">auth</marc:subfield></marc:datafield><marc:datafield tag="245" ind1="1" ind2="0"><marc:subfield code="a">Zitate der Aeneis in den Briefen des Hieronymus</marc:subfield><marc:subfield code="b">Eine digitale Intertextualitätsanalyse zur Untersuchung kultureller Transformationsprozesse</marc:subfield></marc:datafield><marc:datafield tag="260" ind1=" " ind2=" "><marc:subfield code="b">De Gruyter</marc:subfield><marc:subfield code="c">2022</marc:subfield></marc:datafield><marc:datafield tag="300" ind1=" " ind2=" "><marc:subfield code="a">1 electronic resource (408 p.)</marc:subfield></marc:datafield><marc:datafield tag="336" ind1=" " ind2=" "><marc:subfield code="a">text</marc:subfield><marc:subfield code="b">txt</marc:subfield><marc:subfield code="2">rdacontent</marc:subfield></marc:datafield><marc:datafield tag="337" ind1=" " ind2=" "><marc:subfield code="a">computer</marc:subfield><marc:subfield code="b">c</marc:subfield><marc:subfield code="2">rdamedia</marc:subfield></marc:datafield><marc:datafield tag="338" ind1=" " ind2=" "><marc:subfield code="a">online resource</marc:subfield><marc:subfield code="b">cr</marc:subfield><marc:subfield code="2">rdacarrier</marc:subfield></marc:datafield><marc:datafield tag="490" ind1="1" ind2=" "><marc:subfield code="a">Philologus. Supplemente / Philologus. Supplementary Volumes</marc:subfield><marc:subfield code="v">17</marc:subfield></marc:datafield><marc:datafield tag="506" ind1="0" ind2=" "><marc:subfield code="a">Open Access</marc:subfield><marc:subfield code="2">star</marc:subfield><marc:subfield code="f">Unrestricted online access</marc:subfield></marc:datafield><marc:datafield tag="520" ind1=" " ind2=" "><marc:subfield code="a">In his letters, the church scholar Jerome describes a deep inner rift between Virgil and the gospels, between Cicero and the apostles. This volume traces late ancient processes of cultural hybridization using methods from digital quote analysis. By looking at quotes from the Aeneid, it examines the narrative strategies employed by Jerome to process the tension-filled relationship between classical antiquity and Christianity.</marc:subfield></marc:datafield><marc:datafield tag="520" ind1=" " ind2=" "><marc:subfield code="a">In seinen rhetorisch äußerst versierten Briefen thematisiert der Kirchenlehrer Hieronymus eine tiefe innere Zerrissenheit zwischen Vergil und den Evangelien, zwischen Cicero und den Aposteln. Der vorliegende Band spürt diesen kulturellen Transformationsprozessen anhand der Intertextualitätsstrategie des Hieronymus nach. Das Erkenntnisinteresse ist dabei zweigeteilt in einen methodischen und einen inhaltlichen Teil. Einerseits werden digitale Verfahren der Zitatanalyse (weiter)entwickelt und evaluiert. Mit den computergestützten Verfahren wird der Bestand an Zitaten am Beispiel der Aeneis um mehr als ein Drittel deutlich erweitert und dabei zugleich das theoretische Zitatkonzept maßgeblich geschärft. Andererseits wird mit hermeneutischen Verfahren eine Zitattypologie erstellt, mittels derer nicht nur die ‚Grenze‘ der Textinterpretation aufgezeigt, sondern auch ein differenzierteres Bild der Zitiertechnik des Hieronymus gezeichnet wird. Die Arbeit legt eine sprachlich-stilistische Hybridisierung offen, die eine modifizierte und vertiefte Einsicht in die tatsächlichen, untergründigen Anverwandlungen des klassisch-heidnischen Literaturerbes durch den frühchristlichen Autor ermöglicht.</marc:subfield></marc:datafield><marc:datafield tag="536" ind1=" " ind2=" "><marc:subfield code="a">Deutsche Forschungsgemeinschaft (DFG)</marc:subfield></marc:datafield><marc:datafield tag="536" ind1=" " ind2=" "><marc:subfield code="a">Universität Konstanz</marc:subfield></marc:datafield><marc:datafield tag="540" ind1=" " ind2=" "><marc:subfield code="a">Creative Commons</marc:subfield><marc:subfield code="f">https://creativecommons.org/licenses/by/4.0/</marc:subfield><marc:subfield code="2">cc</marc:subfield><marc:subfield code="4">https://creativecommons.org/licenses/by/4.0/</marc:subfield></marc:datafield><marc:datafield tag="546" ind1=" " ind2=" "><marc:subfield code="a">German</marc:subfield></marc:datafield><marc:datafield tag="650" ind1=" " ind2="7"><marc:subfield code="a">Christianity</marc:subfield><marc:subfield code="2">bicssc</marc:subfield></marc:datafield><marc:datafield tag="653" ind1=" " ind2=" "><marc:subfield code="a">christianity; early christianity</marc:subfield></marc:datafield><marc:datafield tag="856" ind1="4" ind2="0"><marc:subfield code="a">www.oapen.org</marc:subfield><marc:subfield code="u">https://library.oapen.org/bitstream/id/804c8de7-856d-4aec-b133-58867532fd3a/10.1515_9783110760828.pdf</marc:subfield><marc:subfield code="7">0</marc:subfield><marc:subfield code="z">OAPEN Library: download the publication</marc:subfield></marc:datafield><marc:datafield tag="856" ind1="4" ind2="0"><marc:subfield code="a">www.oapen.org</marc:subfield><marc:subfield code="u">https://library.oapen.org/handle/20.500.12657/75312</marc:subfield><marc:subfield code="7">0</marc:subfield><marc:subfield code="z">OAPEN Library: description of the publication</marc:subfield></marc:datafield></marc:record>