

<marc:record><marc:leader>     naaaa       uu     </marc:leader><marc:controlfield tag="001">https://library.oapen.org/handle/20.500.12657/58579</marc:controlfield><marc:controlfield tag="005">20221012</marc:controlfield><marc:controlfield tag="003">oapen</marc:controlfield><marc:controlfield tag="006">m     o  d        </marc:controlfield><marc:controlfield tag="007">cr|mn|---annan</marc:controlfield><marc:controlfield tag="008">20221012s2022    xx |||||o     ||| 0|deu d</marc:controlfield><marc:datafield tag="020" ind1=" " ind2=" "><marc:subfield code="a">heiup.820</marc:subfield></marc:datafield><marc:datafield tag="020" ind1=" " ind2=" "><marc:subfield code="a">9783968221465</marc:subfield></marc:datafield><marc:datafield tag="040" ind1=" " ind2=" "><marc:subfield code="a">oapen</marc:subfield><marc:subfield code="c">oapen</marc:subfield></marc:datafield><marc:datafield tag="024" ind1="7" ind2=" "><marc:subfield code="a">10.17885/heiup.820</marc:subfield><marc:subfield code="c">doi</marc:subfield></marc:datafield><marc:datafield tag="041" ind1="0" ind2=" "><marc:subfield code="a">deu</marc:subfield></marc:datafield><marc:datafield tag="042" ind1=" " ind2=" "><marc:subfield code="a">dc</marc:subfield></marc:datafield><marc:datafield tag="072" ind1=" " ind2="7"><marc:subfield code="a">HRCC9</marc:subfield><marc:subfield code="2">bicssc</marc:subfield></marc:datafield><marc:datafield tag="100" ind1="1" ind2=" "><marc:subfield code="a">Neuendorf, Paul Achim</marc:subfield><marc:subfield code="4">auth</marc:subfield></marc:datafield><marc:datafield tag="245" ind1="1" ind2="0"><marc:subfield code="a">»Daraus kündten auch die Graeci lärnen«</marc:subfield><marc:subfield code="b">Die Bemühungen des Martin Crusius (1526–1607) um ein Luthertum der Griechen</marc:subfield></marc:datafield><marc:datafield tag="260" ind1=" " ind2=" "><marc:subfield code="a">Heidelberg</marc:subfield><marc:subfield code="b">Heidelberg University Publishing (heiUP)</marc:subfield><marc:subfield code="c">2022</marc:subfield></marc:datafield><marc:datafield tag="300" ind1=" " ind2=" "><marc:subfield code="a">1 electronic resource (666 p.)</marc:subfield></marc:datafield><marc:datafield tag="336" ind1=" " ind2=" "><marc:subfield code="a">text</marc:subfield><marc:subfield code="b">txt</marc:subfield><marc:subfield code="2">rdacontent</marc:subfield></marc:datafield><marc:datafield tag="337" ind1=" " ind2=" "><marc:subfield code="a">computer</marc:subfield><marc:subfield code="b">c</marc:subfield><marc:subfield code="2">rdamedia</marc:subfield></marc:datafield><marc:datafield tag="338" ind1=" " ind2=" "><marc:subfield code="a">online resource</marc:subfield><marc:subfield code="b">cr</marc:subfield><marc:subfield code="2">rdacarrier</marc:subfield></marc:datafield><marc:datafield tag="506" ind1="0" ind2=" "><marc:subfield code="a">Open Access</marc:subfield><marc:subfield code="2">star</marc:subfield><marc:subfield code="f">Unrestricted online access</marc:subfield></marc:datafield><marc:datafield tag="520" ind1=" " ind2=" "><marc:subfield code="a">In search of subsidies for the publishing of his Greek and Latin oeuvre, the Corona Anni, Professor Martin Crusius of Tübingen (1526-1607) pointed out in a letter to Johan Papius, court physician at Ansbach, that it might teach even the Greeks to preach the word of God truly. At this point in time, Crusius could look back on nearly thirty years in which he had exerted himself body and soul for the dissemination of the Lutheran teaching among the Greek-speaking Christians. His 'mission' had begun when his former student Stephan Gerlach had been chosen to travel from the university town in Württemberg to Constantinople as embassy preacher in 1573. Up until his death, Crusius pursued his project of establishing the essentials for a Greek Lutheranism and sending these – at times on adventurous paths – to their recipients.</marc:subfield></marc:datafield><marc:datafield tag="520" ind1=" " ind2=" "><marc:subfield code="a">Als der Tübinger Professor Martin Crusius (1526–1607) auf der Suche nach einem Druckkostenzuschuss für sein auf Griechisch und Latein verfasstes Lebenswerk, die Corona Anni, in einem Brief an den Ansbacher Hofarzt Johannes Pappius zu bedenken gab, Daraus kündten auch die Graeci lärnen, rain das Wort Gottes predigen, konnte er auf beinahe dreißig Jahre zurückblicken, in denen er sich mit Leib und Seele dafür eingesetzt hatte, die lutherische Lehre unter den griechischsprachigen Christen zu verbreiten. Seine „Mission“ hatte begonnen, als sein ehemaliger Student Stephan Gerlach ausgewählt wurde, im Jahre 1573 als Botschaftsprediger aus der württembergischen Universitätsstadt nach Konstantinopel, der Hauptstadt des Osmanischen Reiches, zu reisen. Bis zu seinem Tod verfolgte Crusius das Vorhaben, die Grundlagen für ein Luthertum der Griechen zu schaffen und diese – teilweise auf abenteuerlichen Wegen – zu den Adressaten zu schicken.</marc:subfield></marc:datafield><marc:datafield tag="540" ind1=" " ind2=" "><marc:subfield code="a">Creative Commons</marc:subfield><marc:subfield code="f">https://creativecommons.org/licenses/by-sa/4.0/</marc:subfield><marc:subfield code="2">cc</marc:subfield><marc:subfield code="4">https://creativecommons.org/licenses/by-sa/4.0/</marc:subfield></marc:datafield><marc:datafield tag="546" ind1=" " ind2=" "><marc:subfield code="a">German</marc:subfield></marc:datafield><marc:datafield tag="650" ind1=" " ind2="7"><marc:subfield code="a">Protestantism &amp; Protestant Churches</marc:subfield><marc:subfield code="2">bicssc</marc:subfield></marc:datafield><marc:datafield tag="653" ind1=" " ind2=" "><marc:subfield code="a">Book History, Regional history of Württemberg, Church history 16th century, Diary, Hymns, Buchgeschichte, Württembergische Landesgeschichte, Kirchengeschichte 16. Jahrhundert, Tagebuch/Diaristik, Kirchenlieder</marc:subfield></marc:datafield><marc:datafield tag="856" ind1="4" ind2="0"><marc:subfield code="a">www.oapen.org</marc:subfield><marc:subfield code="u">https://library.oapen.org/bitstream/id/59da0a85-ba44-4b9d-b488-2477c8c332b6/heiUP_OAPEN_Neuendorf_book.pdf</marc:subfield><marc:subfield code="7">0</marc:subfield><marc:subfield code="z">OAPEN Library: download the publication</marc:subfield></marc:datafield><marc:datafield tag="856" ind1="4" ind2="0"><marc:subfield code="a">www.oapen.org</marc:subfield><marc:subfield code="u">https://library.oapen.org/handle/20.500.12657/58579</marc:subfield><marc:subfield code="7">0</marc:subfield><marc:subfield code="z">OAPEN Library: description of the publication</marc:subfield></marc:datafield></marc:record>