

<marc:record><marc:leader>     naaaa       uu     </marc:leader><marc:controlfield tag="001">https://library.oapen.org/handle/20.500.12657/42459</marc:controlfield><marc:controlfield tag="005">20201005</marc:controlfield><marc:controlfield tag="003">oapen</marc:controlfield><marc:controlfield tag="006">m     o  d        </marc:controlfield><marc:controlfield tag="007">cr|mn|---annan</marc:controlfield><marc:controlfield tag="008">20201005s2020    xx |||||o     ||| 0|deu d</marc:controlfield><marc:datafield tag="020" ind1=" " ind2=" "><marc:subfield code="a">heiup.513</marc:subfield></marc:datafield><marc:datafield tag="040" ind1=" " ind2=" "><marc:subfield code="a">oapen</marc:subfield><marc:subfield code="c">oapen</marc:subfield></marc:datafield><marc:datafield tag="024" ind1="7" ind2=" "><marc:subfield code="a">10.17885/heiup.513</marc:subfield><marc:subfield code="c">doi</marc:subfield></marc:datafield><marc:datafield tag="041" ind1="0" ind2=" "><marc:subfield code="a">deu</marc:subfield></marc:datafield><marc:datafield tag="042" ind1=" " ind2=" "><marc:subfield code="a">dc</marc:subfield></marc:datafield><marc:datafield tag="072" ind1=" " ind2="7"><marc:subfield code="a">HRAM2</marc:subfield><marc:subfield code="2">bicssc</marc:subfield></marc:datafield><marc:datafield tag="100" ind1="1" ind2=" "><marc:subfield code="a">Wenzel, Christian</marc:subfield><marc:subfield code="4">auth</marc:subfield></marc:datafield><marc:datafield tag="245" ind1="1" ind2="0"><marc:subfield code="a">» Ruine d'estat «</marc:subfield><marc:subfield code="b">Sicherheit in den Debatten der französischen Religionskriege 1557–1589</marc:subfield></marc:datafield><marc:datafield tag="260" ind1=" " ind2=" "><marc:subfield code="a">Heidelberg</marc:subfield><marc:subfield code="b">Heidelberg University Publishing (heiUP)</marc:subfield><marc:subfield code="c">2020</marc:subfield></marc:datafield><marc:datafield tag="300" ind1=" " ind2=" "><marc:subfield code="a">1 electronic resource (544 p.)</marc:subfield></marc:datafield><marc:datafield tag="336" ind1=" " ind2=" "><marc:subfield code="a">text</marc:subfield><marc:subfield code="b">txt</marc:subfield><marc:subfield code="2">rdacontent</marc:subfield></marc:datafield><marc:datafield tag="337" ind1=" " ind2=" "><marc:subfield code="a">computer</marc:subfield><marc:subfield code="b">c</marc:subfield><marc:subfield code="2">rdamedia</marc:subfield></marc:datafield><marc:datafield tag="338" ind1=" " ind2=" "><marc:subfield code="a">online resource</marc:subfield><marc:subfield code="b">cr</marc:subfield><marc:subfield code="2">rdacarrier</marc:subfield></marc:datafield><marc:datafield tag="490" ind1="1" ind2=" "><marc:subfield code="a">Pariser Historische Studien</marc:subfield><marc:subfield code="v">116</marc:subfield></marc:datafield><marc:datafield tag="506" ind1="0" ind2=" "><marc:subfield code="a">Open Access</marc:subfield><marc:subfield code="2">star</marc:subfield><marc:subfield code="f">Unrestricted online access</marc:subfield></marc:datafield><marc:datafield tag="520" ind1=" " ind2=" "><marc:subfield code="a">Security – a category that is as important as neglected when it comes to the French Wars of Religion in the 16th century. Christian Wenzel systematically traces imaginations of security as well as their function in the French Wars of Religion for the first time, with a close focus on the perspective of the historical actors. The present study vividly recounts a broad security debate which influenced the conflicts between 1557 and 1589 to a significant degree. Thereby, the study enables not only new perspectives on pivotal junctions and processes; by introducing “Historical Security Communication” as a heuristic approach, it also contributes to Historical Security Studies and casts a light on the complexity of early modern semantics of security.</marc:subfield></marc:datafield><marc:datafield tag="520" ind1=" " ind2=" "><marc:subfield code="a">La sécurité est un sujet aussi central que largement inexploré des guerres de Religion françaises. Pour la première fois, elle est analysée ici de manière systématique et en tenant compte des modèles d’interprétation contemporains. Christian Wenzel retrace le vaste débat sur la sécurité qui a considérablement marqué les conflits entre 1557 et 1589. Son étude non seulement ouvre une nouvelle perspective sur les événements et processus centraux, mais elle contribue, grâce au concept de » communication historique sur la sécurité « développé ici, à la recherche historique sur la sécurité et montre la complexité des concepts de sécurité de l’époque moderne&#13;
&#13;
Sicherheit – ein für die französischen Religionskriege ebenso zentrales wie noch weitgehend unerforschtes Thema. Christian Wenzel analysiert Vorstellungen von Sicherheit sowie ihre Funktion in den französischen Religionskriegen erstmals systematisch und mit Blick auf zeitgenössische Deutungsmuster. Anschaulich zeichnet die Studie eine breite Sicherheitsdebatte nach, die die Konflikte zwischen 1557 und 1589 maßgeblich prägte. Das ermöglicht nicht nur eine neue Perspektive auf zentrale Ereignisse und Prozesse, sondern leistet mit dem hier entwickelten Konzept der »historischen Sicherheitskommunikation« auch einen Beitrag zur historischen Sicherheitsforschung und zeigt die Vielschichtigkeit frühneuzeitlicher Sicherheitsvorstellungen.</marc:subfield></marc:datafield><marc:datafield tag="540" ind1=" " ind2=" "><marc:subfield code="a">Creative Commons</marc:subfield><marc:subfield code="f">https://creativecommons.org/licenses/by-sa/4.0</marc:subfield><marc:subfield code="2">cc</marc:subfield><marc:subfield code="4">https://creativecommons.org/licenses/by-sa/4.0</marc:subfield></marc:datafield><marc:datafield tag="546" ind1=" " ind2=" "><marc:subfield code="a">German</marc:subfield></marc:datafield><marc:datafield tag="650" ind1=" " ind2="7"><marc:subfield code="a">Religion &amp; politics</marc:subfield><marc:subfield code="2">bicssc</marc:subfield></marc:datafield><marc:datafield tag="653" ind1=" " ind2=" "><marc:subfield code="a">Security and Order</marc:subfield></marc:datafield><marc:datafield tag="653" ind1=" " ind2=" "><marc:subfield code="a">French Wars of Religion</marc:subfield></marc:datafield><marc:datafield tag="653" ind1=" " ind2=" "><marc:subfield code="a">Early modern period</marc:subfield></marc:datafield><marc:datafield tag="653" ind1=" " ind2=" "><marc:subfield code="a">Sicherheitspolitik</marc:subfield></marc:datafield><marc:datafield tag="653" ind1=" " ind2=" "><marc:subfield code="a">Französische Religionskriege</marc:subfield></marc:datafield><marc:datafield tag="653" ind1=" " ind2=" "><marc:subfield code="a">Frühe Neuzeit</marc:subfield></marc:datafield><marc:datafield tag="856" ind1="4" ind2="0"><marc:subfield code="a">www.oapen.org</marc:subfield><marc:subfield code="u">https://library.oapen.org/bitstream/id/0de27e5f-52a5-4c28-a309-3f0a87b22b11/9783947732531.pdf</marc:subfield><marc:subfield code="7">0</marc:subfield><marc:subfield code="z">OAPEN Library: download the publication</marc:subfield></marc:datafield><marc:datafield tag="856" ind1="4" ind2="0"><marc:subfield code="a">www.oapen.org</marc:subfield><marc:subfield code="u">https://library.oapen.org/handle/20.500.12657/42459</marc:subfield><marc:subfield code="7">0</marc:subfield><marc:subfield code="z">OAPEN Library: description of the publication</marc:subfield></marc:datafield></marc:record>